@Comment  {Please use the identifier format NnnYYYYa for single author papers and NMOPQYYYYa for multiauthor papers, where Nnn is the first 3 letters of the last name of the author, NMPQ are the first letters of the last names of each of the authors, in alphabetical order, YYYY is the 4 digit year of publication, a is "a" for the first paper, "b" for the second, etc, with the same characters before it. Make sure you search to see you are not adding the same work again or reusing an identifier.}

@article{,
  author = {},
  title = {},
  year = {},
  journal = {},
  volume = {},
  issue = {},
  pages = {}
}

@misc{Xia2019a,
  author = {Linfan Xiao},
  title = {Algorithmic solution of high order partial differential equations in julia via the {F}okas transform method},
  year = {2019},
  howpublished = {Yale-NUS College Capstone Project},
  note = {https://gitlab.com/linfanxiaolinda/capstone}
}

@article{OS2019a,
  author = {Olver, P. J. and Sheils, N. E.},
  title = {Dispersive Lamb systems},
  year = {2019},
  journal = {J. Geom. Mech.},
  volume = {11},
  issue = {2},
  pages = {239--254}
}

@article{CO2013a,
  author = {Chen, G. and Olver, P. J.},
  title = {Numerical simulation of nonlinear dispersive quantization},
  year = {2013},
  journal = {Discrete Cont. Dyn. Syst. A},
  volume = {34},
  issue = {3},
  pages = {991--1008}
}

@book{Olv2014a,
  author = {Olver, P. J.},
  title = {Introduction to partial differential equations},
  year = {2014},
  publisher = {Springer},
  series = {Undergraduate texts in mathematics}
}

@article{HV2014a,
  author = {de la Hoz, F. and Vega, L.},
  title = {Vortex filament equation for a regular polygon},
  year = {2014},
  journal = {Nonlinearity},
  volume = {27},
  issue = {12},
  pages = {3031}
}

@article{ES2019a,
  author = {Erdo\u{g}an, M. B. and Shakan, G.},
  title = {Fractal solutions of dispersive partial differential equations on the torus},
  year = {2019},
  journal = {Selecta Math.},
  volume = {25},
  issue = {1},
  pages = {11}
}

@article{ET2013a,
  author = {Erdo\u{g}an, M. B. and Tzirakis, N.},
  title = {The Talbot effect for the cubic non-linear Schr\"{o}dinger equation on the Torus},
  year = {2013},
  journal = {Math. Res. Lett.},
  volume = {20},
  issue = {6},
  pages = {1081--1090}
}

@article{ET2013b,
  author = {Erdo\u{g}an, M. B. and Tzirakis, N.},
  title = {Global smoothing for the periodic {K}d{V} evolution},
  year = {2013},
  journal = {Int. Math. Res. Notices},
  volume = {2013},
  issue = {20},
  pages = {4589--4614}
}

@article{Ber1996a,
  author = {Berry, M. V.},
  title = {Quantum fractals in boxes},
  year = {1996},
  journal = {J. Phys. A: Math. Gen.},
  volume = {29},
  number = {20},
  pages = {6617--6629}
}

@incollection{Rod2000a,
  author = {Rodnianski, I.},
  title = {Fractal solutions of the Schrodinger equation},
  booktitile = {Nonlinear {PDE}'s, dynamics and continuum physics},
  year = {2000},
  editor = {Bona, Jerry and Saxton, Katarzyna and Saxton, Ralph},
  series = {Contemp. Math.},
  volume = {255},
  publisher = {AMS},
  address = {Rhode Island},
  pages = {181--187}
}

@incollection{KR1999a,
  author = {Kaptianski, L. and Rodnianski, I.},
  title = {Does a quantum particle know the time?}
  booktitle = {Emerging applications of number theory},
  year = {1999},
  editor = {Hejhal, D. and Friedman, J. and Gutzwiller, M. C. and Odlyzko, A. M.},
  series = {IMA Volumes in Mathematics and its Applications},
  volume = {109},
  publisher = {Springer Verlag},
  address = {New York},
  pages = {355--371}
}

@article{WZ2015a,
  author = {Wang, Y. and Zhang, M.},
  title = {Dependence of eigenvalues of {S}turm-{L}iouville problems with interface conditions},
  year = {2015},
  journal = {Appl. Math. and Computation},
  volume = {265},
  issue = {1},
  pages = {31--39}
}

@unpublished{LHMS2019a,
  author = {Li, Y. and van Heijster, P. and Marangell, R. and Simpson, M. J.},
  title = {Travelling wave solutions in a negative nonlinear diffusion-reaction model},
  year = {2019},
  note = {(submitted) arXiv:19003.10090 [math.AP]}
}

@book{Gri1985a,
  author = {Griffel, D. H.},
  title = {Applied functional analysis},
  year = {1985},
  publisher = {Ellis Horwood},
  address = {West Sussex, England}
}

@unpublished{BOPS2020b,
  author = {Boulton, L. and Olver, P. and Pelloni, B. and Smith, D. A.},
  title = {Revivals for periodic evolution problems with non-polynomial symbols},
  year = {2020},
  note = {very rough work in progress}
}

@unpublished{BOPS2020a,
  author = {Boulton, L. and Olver, P. and Pelloni, B. and Smith, D. A.},
  title = {The periodic boundary value problem for some linearized dispersive equations: intermediate long wave and {B}oussinesq},
  year = {2020},
  note = {very rough work in progress}
}

@article{AK2019a,
  author = {Weaam Alhejaili and Chiu-Yen Kao},
  title = {Numerical studies of the {S}teklov eigenvalue problem via conformal mappings},
  year = {2015},
  journal = {Appl. Math. and Computation},
  volume = {347},
  issue = {1},
  pages = {785--802}
}

@article{Cro2015b,
  author = {Crowdy, D.},
  title = {A transform method for {L}aplace's equation in multiply connected circular domains},
  year = {2015},
  journal = {IMA J. Appl. Math.},
  volume = {80},
  issue = {6},
  pages = {1902--1931}
}

@article{Cro2015a,
  author = {Crowdy, D.},
  title = {{F}ourier-{M}ellin transforms for circular domains},
  year = {2015},
  journal = {Comput. methods Funct. Theory},
  volume = {15},
  issue = {4},
  pages = {655--687}
}

@book{KMS2002a,
  author = {Kilbas, A. A. and Marichev, O. I. and Samko, S. G.},
  title = {Fractional integrals and derivatives: theory and applications},
  year = {2002},
  publisher = {Taylor \& Francis},
  address = {London}
}

@article{BT2019a,
  author = {Biondini, G. and Trogdon, T.},
  title = {Evolution partial differential equations with discontinuous data},
  year = {2019},
  journal = {Quart. Appl. Math.},
  volume = {77},
  pages = {689--726}
}

@article{LT2015a,
  author = {Lee, Sen Yung and Tu, Te Wen},
  title = {Unsteady temperature field in slabs with different kinds of time-dependent boundary conditions},
  year = {2015},
  journal = {Acta Mechanica},
  volume = {226},
  issue = {11},
  pages = {3597--3609}
}

@article{BSY2012a,
  author = {Bobyk, B. Ya. and Shvets' R. M. and Yatskiv, O. I.},
  title = {Thermostressed state of a cylinder with thin near-surface layer having time-dependent thermophysical properties},
  year = {2012},
  journal = {J. Math. Sci.},
  volume = {187},
  issue = {5},
  pages = {647--666}
}

@book{Pin2011a,
  author = {Pinsky, M. A.},
  title = {Partial differential equations and boundary-value problems},
  year = {2011},
  publisher = {American Mathematical Society},
  address = {Providence, Rhode Island, USA},
  series = {Pure and Applied Undergraduate Texts}
}

@article{WYYZ2017a,
  author = {Wang, L. and Yang, Bi. and Yu, X. and Zeng, C.},
  title = {Identification of the boundary heat transfer coefficient from interior measurement of temperature field},
  year = {2017},
  journal = {Appl. Math. Lett.},
  volume = {63},
  pages = {6--13}
}

@article{Hol1972a,
  author = {Holy, Z. J.},
  title = {Temperature and stresses in reactor fuel elements due to time- and space-dependent heat-transfer coefficients},
  year = {1972},
  journal = {Nuclear Engineering and Design},
  volume = {18},
  issue = {1},
  pages = {145--197}
}

@article{BBHMWW1983a,
  author = {Becker, N. M. and Bivins, R. L. and Hsu, Y. C. and Murphy, H. D. and White Jr., A. B. and Wing, G. M.},
  title = {Heat diffusion with time‚Äêdependent convective boundary conditions},
  year = {1983},
  journal = {Int. J. for Num. Methods in Eng.},
  volume = {19},
  issue = {12},
  pages = {1871--1880}
}

@article{Col2018a,
  author = {Colbrook, M. J.},
  title = {Extending the unified transform: curvilinear polygons and variable coefficient {PDE}s},
  year = {2018},
  journal = {IMA J. Num. Anal.},
  note = {(to appear)},
  % volume = {},
  % number = {},
  % pages = {}
}

@article{CFH2019a,
  author = {Colbrook, M. J. and Fokas, A. S. and Hashemzadeh, P.},
  title = {A hybrid analytical-numerical technique for elliptic {PDE}s},
  year = {2019},
  journal = {SIAM J. Sci. Comp.},
  volume = {41},
  issue = {2},
  pages = {A1066--A1090}
}

@article{CFF2018a,
  author = {Colbrook, M. J. and Flyer, N. and Fornberg, B.},
  title = {On the {F}okas method for the solution of elliptic problems in both convex and non-convex polygonal domains},
  year = {2018},
  journal = {J. Comp. Phys.},
  volume = {374},
  pages = {996--1016}
}

@article{GPV2019a,
  author = {Govindarajan, R. and Prasath, S. G. and Vasan, V.},
  title = {Accurate solution method for the {M}axey-{R}iley equation, and the effects of {B}asset history},
  year = {2019},
  journal = {J. Fluid Mechanics},
  volume = {868},
  pages = {428--460}
}

@article{BFF2018a,
  author = {Baleanu, D. and Fernandez, A. and Fokas, A. S.},
  title = {Solving {PDE}s of fractional order using the unified transform method},
  year = {2018},
  journal = {Appl. Math. Comput.},
  volume = {339},
  pages = {738-749}
}

@article{DS2018a,
  author = {Deconinck, B. and Sheils, N. E.},
  title = {The time-dependent {S}chr\"{o}dinger equation with piecewise constant potentials},
  year = {2018},
  journal = {E. J. Appl. Math.},
  note = {(to appear)},
  % volume = {},
  % number = {},
  % pages = {}
}

@book{FP2015a,
  editor = {Fokas, A. S. and Pelloni, B.},
  title = {Unified Transform for Boundary Value Problems: Applications and Advances},
  year = {2015},
  publisher = {SIAM}
}

@article{CL2018b,
  author = {Crowdy, D. G. and Luca, E.},
  title = {A transform method for the biharmonic equation in multiply connected circular domains},
  year = {2018},
  journal = {IMA J. Appl. Math.},
  volume = {83},
  issue = {6},
  pages = {942--976}
}

@article{Cro2015a,
  author = {Crowdy, D. G.},
  title = {A transform method for {L}aplace's equation in multiply connected circular domains},
  year = {2015},
  journal = {IMA J. Appl. Math.},
  volume = {80},
  issue = {6},
  pages = {1902--1931}
}

@unpublished{Use2008a,
  author = {Usero, D.},
  title = {Fractional {T}aylor series for {C}aputo fractional derivatives. {C}onstruction of numerical schemes},
  URL = {http://www.fdi.ucm.es/profesor/lvazquez/calcfrac/docs/paper_Usero.pdf},
  year = {2008}
}

@article{Sta1973a,
  author = {Stadler, W.},
  title = {A theorem on the uniform convergence of {F}ourier-type integrals},
  year = {1973},
  journal = {J. Math. Anal. Appl.},
  volume = {42},
  issue = {2},
  pages = {409--412}
}

@book{Die2010a,
  author = {Diethelm, K.},
  title = {The analysis of fractional differential equations},
  year = {2010},
  publisher = {Springer-Verlag},
  series = {Courant Lecture Notes in Mathematics},
  address = {Berlin Heidelberg}
}

@article{OSS2020a,
  author = {Olver, P. J. and Sheils, N. E. and Smith, D. A.},
  title = {Revivals in the linear free space {S}chr\"{o}dinger equation},
  year = {2020},
  journal = {Quart. Appl. Math.},
  volume = {78},
  number = {2},
  pages = {161--192}
}

@unpublished{ST2019a,
  author = {Smith, D. A. and Toh, W.-Y.},
  title = {Linear evolution equations on the half line with dynamic boundary conditions},
  note = {(submitted) arXiv:1910.08764 [math.AP]},
  year = {2019}
}

@unpublished{STV2019a,
  author = {Smith, D. A. and Trogdon, T. and Vasan, V.},
  title = {Linear dispersive shocks},
  note = {(submitted) arXiv:1908.08716 [math.AP]},
  year = {2019}
}

@article{PS2018a,
  author = {Pelloni, B. and Smith, D. A.},
  title = {Nonlocal and multipoint boundary value problems for linear evolution equations},
  year = {2018},
  journal = {Stud. Appl. Math.},
  volume = {141},
  number = {1},
  pages = {46--88}
}

@article{MS2018a,
  author = {Miller, P. D. and Smith, D. A.},
  title = {The diffusion equation with nonlocal data},
  year = {2018},
  journal = {J. Math. Anal. Appl.},
  volume = {466},
  number = {2},
  pages = {1119--1143}
}

@article{BEFO2004a,
    author = {Oakley, Barbara and Brent, Rebecca and Felder, Richard M.  and Elhajj, Imad},
    title = {Turning student groups into effective teams},
    journal = {Journal of Student Centered Learning},
	volume = {2},
	number = {1},
    year = {2004},
    pages = {9--34}
}

@inproceedings{Smi2017a,
  author = {Smith, D. A.},
  title = {Collaborative peer feedback},
  year = {2017},
  booktitle = {Proceedings of ICEduTech 2017},
  publisher = {IADIS},
  pages = {183--186}
}

@article{Hat1987a,
  author = {Hattie, J.A.},
  title = {Identifying the salient facets of a model of student learning: a synthesis of meta-analyses},
  year = {1987},
  journal = {International Journal of Educational Research},
  volume = {11},
  number = {2},
  pages = {187--212}
}

@book{Fal2010a,
  author = {Falbo, Clement E.},
  title = {First year calculus as taught by {R}. {L}. {M}oore: an inquiry-based learning approach},
  year = {2010},
  publisher = {Dorrance Publishing Company, Inc.},
  address = {Pittsburgh}
}

@book{BEFHK1956a,
  author = {Bloom, B. S and Engelhart, M. D. and Furst, E. J. and Hill, W. H. and Krathwohl, D. R.},
  title = {Taxonomy of educational objectives: the classification of educational goals},
  year = {1956},
  publisher = {David McKay Company, Inc.},
  address = {New York}
}

@ARTICLE{KLMM2018a,
  
AUTHOR={King, Gary and Lukoff, Brian and Mazur, Eric and Miller, Kelly},
	 
TITLE={Use of a Social Annotation Platform for Pre-Class Reading Assignments in a Flipped Introductory Physics Class},
	
JOURNAL={Frontiers in Education},
	
VOLUME={3},

PAGES={8},
	
YEAR={2018},
	  
URL={https://www.frontiersin.org/article/10.3389/feduc.2018.00008},
	
DOI={10.3389/feduc.2018.00008},
	
ISSN={2504-284X},
   
ABSTRACT={In this paper, we illustrate the successful implementation of pre-class reading assignments through a social learning platform that allows students to discuss the reading online with their classmates. We show how the platform can be used to understand how students are reading before class. We find that, with this platform, students spend an above average amount of time reading (compared to that reported in the literature) and that most students complete their reading assignments before class. We identify specific reading behaviors that are predictive of in-class exam performance. We also demonstrate ways that the platform promotes active reading strategies and produces high-quality learning interactions between students outside class. Finally, we compare the exam performance of two cohorts of students, where the only difference between them is the use of the platform; we show that students do significantly better on exams when using the platform.}
}

@inbook{Osk1992a,
  author = {Oskolkov, K. I.},
  title = {A class of {I}. {M}. {V}inogradov's series and its applications in harmonic analysis},
  year = {1992},
  booktitle = {Progress in Approximation Theory; Springer Ser. Comput. Math., 19},
  publisher = {Springer},
  address = {New York},
  pages = {353--402}
}

@article{CET2015a,
  author = {Chousionis, V. and Erdo\u{g}an, M. B. and Tzirakis, N.},
  title = {Fractal solutions of linear and nonlinear dispersive partial differential equations},
  year = {2015},
  journal = {Proc. London Math. Soc.},
  volume = {110},
  number = {},
  pages = {543--564}
}

@article{CO2012a,
  author = {Chen, G. and Olver, P. J.},
  title = {Dispersion of discontinuous periodic waves},
  year = {2012},
  journal = {Proc. R. Soc. Lond. Ser. A Math. Phys. Eng. Sci.},
  volume = {469},
  number = {},
  pages = {20120407}
}

@article{BMS2001a,
  author = {Berry, M. V. and Marzoli, I. and Schleich, W.},
  title = {Quantum carpets, carpets of light},
  year = {2001},
  journal = {Physics World},
  volume = {14},
  number = {6},
  pages = {39--44}
}

@article{Tay2003a,
  author = {Taylor, M.},
  title = {The {S}chr\"{o}dinger equation on spheres},
  year = {2003},
  journal = {Pacific J. Math.},
  volume = {209},
  pages = {145--155}
}

@article{BK1996a,
  author = {Berry, M. V. and Klein, S.},
  title = {Integer fractional and fractal {T}albot effects},
  year = {1996},
  journal = {J. Mod. Optics},
  volume = {43},
  pages = {2139--2164}
}

@article{Tal1836a,
  author = {Talbot, H. F.},
  title = {Facts related to optical science. {N}o. {IV}},
  year = {1836},
  journal = {Philos. Mag.},
  volume = {9},
  pages = {401--407}
}

@article{KPPS2018a,
  author = {Kesici, E. and Pelloni, B. and Pryer, T. and Smith, D. A.},
  title = {A numerical implementation of the unified {F}okas transform for evolution problems on a finite interval},
  year = {2018},
  journal = {Euro. J. Appl. Math.},
  volume = {29},
  number = {3},
  pages = {543--567}
}

@unpublished{OS2017a,
  title={Dispersive {L}amb systems},
  author={Olver, P. J. and Sheils, N. E.},
  note={arXiv:1710.05814 [math.AP]},
  year={2017},
}

@unpublished{PS2015b,
  title={Nonlocal and multipoint value problems for linear evolution equations},
  author={Pelloni, B. and Smith, D. A.},
  note={arXiv:1511.07244 [math.AP]},
  year={2015},
}

@article{PS2008a,
  title={Positive solutions to a singular third-order three-point boundary value problem with an indefinitely signed {G}reen's function},
  author={Palamides, Alex P and Smyrlis, George},
  journal={Nonlinear Analysis: Theory, Methods \& Applications},
  volume={68},
  number={7},
  pages={2104--2118},
  year={2008},
  publisher={Elsevier}
}

@article{CEH1987a,
  title={A {G}alerkin procedure for the diffusion equation subject to the specification of mass},
  author={Cannon, John R and Esteva, Salvador Perez and Van Der Hoek, John},
  journal={SIAM Journal on Numerical Analysis},
  volume={24},
  number={3},
  pages={499--515},
  year={1987},
  publisher={SIAM}
}

@inproceedings{APSS2015a,
	Author = {Asvestas, M and Papadopoulou, EP and Sifalakis, AG and Saridakis, YG},
	Booktitle = {Proceedings of the World Congress on Engineering},
	Date-Added = {2015-07-31 17:51:44 +0000},
	Date-Modified = {2015-07-31 17:51:55 +0000},
	Title = {The Unified Transform for a Class of Reaction-Diffusion Problems with Discontinuous Time Dependent Parameters},
	Volume = {1},
	Year = {2015}}

@article{SS2015a,
	Abstract = {The problem of heat conduction on networks of multiply connected rods is solved by providing an explicit solution of the one-dimensional heat equation in each domain. The size and connectivity of the rods is known, but neither temperature nor heat flux are prescribed at the interface. Instead, the physical assumptions of continuity at the interfaces are the only conditions imposed. This work generalizes that of Deconinck et al ( Proc. R. Soc. A 470 22) for heat conduction on a series of one-dimensional rods connected end-to-end to the case of general configurations.},
	Author = {Sheils, N. E. and Smith, D. A.},
	Date-Added = {2015-07-31 16:53:42 +0000},
	Date-Modified = {2015-08-07 20:49:03 +0000},
	Journal = {Journal of Physics A: Mathematical and Theoretical},
	Number = {33},
	Pages = {21 pp.},
	Title = {Heat equation on a network using the {F}okas method},
	Url = {http://stacks.iop.org/1751-8121/48/i=33/a=335001},
	Volume = {48},
	Year = {2015},
	Bdsk-Url-1 = {http://stacks.iop.org/1751-8121/48/i=33/a=335001}}

@article{DSS2016a,
  title={The Linear {K}d{V} Equation with an Interface},
  author={Deconinck, B. and Sheils, N. E. and Smith, D. A.},
  journal={Comm. Math. Phys.},
  volume={347},
  issue={2},
  pages={489--509},
  year={2016}
}

@article{DS2015a,
	Author = {Sheils, N.E. and Deconinck, B.},
	Date-Added = {2015-03-30 19:51:33 +0000},
	Date-Modified = {2015-04-16 17:53:04 +0000},
	Doi = {10.1111/sapm.12070},
	Issn = {1467-9590},
	Journal = {Studies in Applied Mathematics},
	Number = {3},
	Pages = {253--275},
	Title = {Interface Problems for Dispersive Equations},
	Url = {http://dx.doi.org/10.1111/sapm.12070},
	Volume = {134},
	Year = {2015},
	Bdsk-Url-1 = {http://dx.doi.org/10.1111/sapm.12070}}

@book{fokas2014unified,
  title={Unified transform for boundary value problems: Applications and advances},
  author={A. S. Fokas and Pelloni, B.},
  volume={141},
  year={2015},
  publisher={SIAM}
}

@article{Deh2003a,
  author = {M. Dehghan},
  title = {On the numerical solution of the diffusion equation with a nonlocal boundary condition},
  year = {2003},
  journal = {Mathematical Problems in Engineering},
  volume = {2003},
  issue = {2},
  pages = {81--92}
}

@article{FS1991b,
  author = {G. Fairweather and R. D. Saylor},
  title = {The reformulation and numerical solutions of certain nonclassical initial-boundary value problems},
  year = {1991},
  journal = {SIAM J. Sci. Stat. Comput.},
  volume = {12},
  number = {1},
  pages = {127--144}
}

@article{CLW1990a,
  author = {J. R. Cannon and Y. Lin and S. Wang},
  title = {An implicit finite difference scheme for the diffusion equation subject to mass specification},
  year = {1990},
  journal = {International Journal of Engineering Science},
  volume = {28},
  issue = {7},
  pages = {573--578}
}

@unpublished{Smith1+2,
  author = {Smith, D. A. and M. W. Smith},
  title = {Multipoint boundary value problems for the transport equation},
  year = {2015},
  note = {(in preparation)},
}

@article{bastys2005,
  title={An explicit solution of a parabolic equation with nonlocal boundary conditions},
  author={Bastys, A. and Ivanauskas, F. and Sapagovas, M.},
  journal={Lithuanian Mathematical Journal},
  volume={45},
  number={3},
  pages={257--271},
  year={2005},
  publisher={Springer}
}

@article{gupta1998,
  title={A generalized multi-point boundary value problem for second order ordinary differential equations},
  author={Gupta, Chaitan P.},
  journal={Applied Mathematics and Computation},
  volume={89},
  number={1},
  pages={133--146},
  year={1998},
  publisher={Elsevier}
}

@article{Ma1997,
title = "Existence Theorems for a Second Order Three-Point Boundary Value Problem ",
journal = "Journal of Mathematical Analysis and Applications ",
volume = "212",
number = "2",
pages = "430 - 442",
year = "1997",
author = "Ruyun Ma",
}

%%%%%
@proceedings{AABCLMM2013a,
  author = {G. Alberti and F. Ancona and S. Bianchini and G. Crippa and C. De Lellis and A. Marson and C. Mascia},
  title = {{HCDTE} lecture notes. {P}art {I}. {N}onlinear hyperbolic {PDE}s, dispersive and transport equations},
  year = {2013},
  publisher = {American Institute of Mathematical Sciences},
}

@article{AB2013a,
  author = {M. J. Ablowitz and D. E. Baldwin},
  title = {Dispersive shock wave interactions and asymptotics},
  year = {2013},
  journal = {Phys. Rev. E},
  volume = {87},
  issue = {2},
  pages = {22906},
}

@article{AEO2005a,
  author = {K. Adolfsson and M. Enelund and P. Olsson},
  title = {On the fractional order model of viscoelasticity},
  year = {2005},
  journal = {Mechanics of time-dependent materials},
  volume = {9},
  number = {1},
  pages = {15--34},
}

@book{AF1997a,
  author = {M. J. Ablowitz and A. S. Fokas},
  title = {Complex Variables},
  year = {1997},
  series = {Cambridge Texts in Applied Mathematics},
  publisher = {Cambridge University Press},
}

@article{AF1999a,
  author = {D. ben-Avraham and A. S. Fokas},
  title = {The Solution of the modified {H}elmholtz equation in a wedge and an application to diffusion-limited coalescence},
  year = {1999},
  journal = {Phys. Lett. A},
  volume = {263},
  pages = {355--359},
}

@article{AF2001a,
  author = {D. ben-Avraham and A. S. Fokas},
  title = {Solution of the modified {H}elmholtz equation in a triangular domain and an application to diffusion-limited coalescence},
  year = {2001},
  journal = {Phys. Rev. E},
  volume = {64},
  issue = {1},
  pages = {16114},
}

@inproceedings{AF2004a,
  author = {D. ben-Avraham and A. S. Fokas},
  title = {A Generalization of both the Method of Images and of the Classical Integral Transforms},
  year = {2004},
  pages = {260--276},
  booktitle = {Advances in scattering and biomedical engineering: proceedings of the Sixth International Workshop, {T}sepelovo, {G}reece, 18-21 {S}eptember 2003},
  publisher = {World Scientific},
}

@article{AF2005a,
  author = {Y. A. Antipov and A. S. Fokas},
  title = {The modified {H}elmholtz equation in a semi-strip},
  year = {2005},
  journal = {Math. Proc. Cambridge Philos. Soc.},
  volume = {138},
  issue = {2},
  pages = {339--365},
}

@article{AF2009a,
  author = {A. C. L. Ashton and A. S. Fokas},
  title = {A Novel Method of Solution for the Fluid Loaded Plate},
  year = {2009},
  journal = {Proc. R. Soc. Lond. Ser. A Math. Phys. Eng. Sci.},
  volume = {465},
  number = {2112},
  pages = {3667--3685},
}

@unpublished{AF2011a,
  author = {A. C. L. Ashton and A. S. Fokas},
  title = {A Nonlocal Formulation of Rotational Water Waves},
  year = {2011},
  note = {(submitted)},
}

@unpublished{AF2013a,
  author = {A. C. L. Ashton and A. S. Fokas},
  title = {Elliptic boundary value problems in convex polygons with low regularity boundary data via the unified method},
  year = {2013},
}

@article{AFM2006a,
  author = {M. J. Ablowitz and A. S. Fokas and Z. H. Musslimani},
  title = {On a new non-local formulation of water waves},
  year = {2006},
  journal = {J. Fluid Mech.},
  volume = {562},
  pages = {313--343},
}

@article{AFRS2012a,
  author = {D. T. Alves and C. Farina and A. L. C. Rego and H. O. Silva},
  title = {Time-dependent {R}obin boundary conditions in the dynamical {C}asimir effect},
  year = {2012},
  journal = {Internat. J. Modern Phys. Conf. Ser.},
  volume = {14},
  pages = {306},
}

@article{AGH2006a,
  author = {D. R. Anderson and G. Sh. Guseinov and J. Hoffacker},
  title = {Higher-order self-adjoint boundary-value problems on time scales},
  year = {2006},
  journal = {J. Comput. Appl. Math.},
  volume = {194},
  issue = {2},
  pages = {309--342},
}

@article{AH2009a,
  author = {M. J. Ablowitz and T. S. Haut},
  title = {Asymptotic expansions for solitary gravity-capillary waves in two and three dimensions},
  year = {2009},
  journal = {Proc. R. Soc. Lond. Ser. A Math. Phys. Eng. Sci.},
  volume = {465},
  number = {2109},
  pages = {2725--2749},
}

@article{AH2010a,
  author = {M. J. Ablowitz and T. S. Haut},
  title = {Asymptotic expansions for solitary gravity-capillary waves in two and three dimensions},
  year = {2010},
  journal = {J. Phys. A},
  volume = {43},
  number = {43},
  pages = {434005},
}

@article{AL1975a,
  author = {M. J. Ablowitz and J. F. Ladik},
  title = {Nonlinear differential-difference equations},
  year = {1975},
  journal = {J. Math. Phys.},
  volume = {16},
  issue = {3},
  pages = {598--603},
}

@article{AL1976a,
  author = {M. J. Ablowitz and J. F. Ladik},
  title = {Nonlinear differential-difference equations and {F}ourier analysis},
  year = {1975},
  journal = {J. Math. Phys.},
  volume = {17},
  issue = {6},
  pages = {1011--1018},
}

@article{Are1999a,
  author = {F. G. Arenas},
  title = {Alexandroff Spaces},
  year = {1999},
  journal = {Acta Math. Univ. Comenian. (N.S.)},
  volume = {68},
  pages = {17--25},
}

@book{Arm1983a,
  author = {M. A. Armstrong},
  title = {Basic Topology},
  year = {1983},
  series = {Undergraduate Texts In Mathematics},
  publisher = {Springer},
}

@article{Ash2008a,
  author = {A. C. L. Ashton},
  title = {The fundamental k-form and global relations},
  year = {2008},
  journal = {SIGMA Symmetry Integrability Geom. Methods Appl},
  volume = {4},
  pages = {33--47},
}

@phdthesis{Ash2010a,
  author = {A. C. L. Ashton},
  title = {Nonlocal approaches to boundary value problems},
  year = {2010},
  school = {University of Cambridge},
}

@article{Ash2010b,
  author = {A. C. L. Ashton},
  title = {Stability of parallel fluid loaded plates: a nonlocal approach},
  year = {2010},
  journal = {Stud. Appl. Math.},
  volume = {125},
  issue = {3},
  pages = {301--329},
}

@article{Ash2011a,
  author = {A. C. L. Ashton},
  title = {Regularity theorems for elliptic and hypoelliptic operators via the global relation},
  year = {2011},
  journal = {J. Partial Differ. Equ.},
  volume = {24},
  number = {1},
  pages = {83--96},
}

@article{Ash2012a,
  author = {A. C. L. Ashton},
  title = {On the rigorous foundations of the {F}okas method for linear elliptic partial differential equations},
  year = {2012},
  journal = {Proc. R. Soc. Lond. Ser. A Math. Phys. Eng. Sci.},
  volume = {468},
  number = {2141},
  pages = {1325--1331},
}

@unpublished{Ash2012b,
  author = {A. C. L. Ashton},
  title = {The spectral {D}irichlet-{N}eumann map for {L}aplace's equation in a convex polygon},
  year = {2012},
  note = {(preprint)},
}

@book{Ast1991a,
  author = {A. W. Astin},
  title = {Assessment for excellence},
  year = {1991},
  publisher = {Macmillan},
  address = {New York},
}

@book{Atk1964a,
  author = {F. V. Atkinson},
  title = {Discrete and continuous boundary problems},
  year = {1964},
  volume = {8},
  series = {Mathematics in Science and Engineering},
  publisher = {Academic Press},
}

@article{AY2012a,
  author = {F. A. Alawad and E. A. M. Yousif},
  title = {Laplace transform method solution of fractional ordinary differential equations},
  year = {2012},
  journal = {Univ. Afr. J. Sci.},
  volume = {2},
  pages = {139--160},
}

@book{Bal1889a,
  author = {W. W. R. Ball},
  title = {A history of the study of mathematics at {C}ambridge},
  year = {1889},
  publisher = {Cambridge University Press},
}

@book{Bat1927a,
  author = {P. M. Batchelor},
  title = {An introduction to linear difference equations},
  year = {1927},
  publisher = {Dover Publications, Inc},
  address = {New York},
}

@article{BB1998a,
  author = {H. Brezis and F. Browder},
  title = {Partial differential equations in the 20th century},
  year = {1998},
  journal = {Adv. Math.},
  volume = {135},
  issue = {1},
  pages = {76--144},
}

@book{BBCK2008a,
  author = {C. J. Budd and A. R. Champneys and M. di Bernardo and P. Kowalczyk},
  title = {Piecewise-smooth dynamical systems: {T}heory and applications},
  year = {2008},
  volume = {163},
  series = {Applied Mathematical Sciences},
  publisher = {Springer},
}

@article{BBR2011a,
  author = {A. Benrabah and N. Bousetilla and F. Rebbani},
  title = {A study of the multitime evolution equation with time-nonlocal conditions},
  year = {2011},
  journal = {Balkan J. Geom. Appl.},
  volume = {16},
  number = {2},
  pages = {13--24},
}

@article{BC1987a,
  author = {R. Beals and R. R. Coifman},
  title = {Scattering and inverse scattering for first-order systems: {I}{I}},
  year = {1987},
  journal = {Inverse Problems},
  volume = {3},
  pages = {577--593},
}

@article{BD2006a,
  author = {J. Bonet and P. Doma\'{n}ski},
  title = {Parameter dependence of solutions of differential equations on spaces of distributions and the splitting of short exact sequences},
  year = {2006},
  journal = {J. Funct. Anal.},
  volume = {230},
  issue = {2},
  pages = {329--381},
}

@book{BDT1988a,
  author = {R. Beals and P. Deift and C. Tomei},
  title = {Direct and inverse scattering on the line},
  year = {1988},
  number = {28},
  series = {Mathematical Surveys and Monographs},
  publisher = {American Mathematical Society},
  address = {Providence, Rhode Island},
}

@book{Bel1992a,
  author = {S. R. Bell},
  title = {The Cauchy Transform, Potential Theory, and Conformal Mapping},
  year = {1992},
  publisher = {CRC Press},
}

@article{Ben1962a,
  author = {T. B. Benjamin},
  title = {The solitary wave on a stream with an arbitrary distribution of vorticity},
  year = {1962},
  journal = {J. Fluid Mech.},
  volume = {12},
  issue = {1},
  pages = {97--116},
}

@article{Ber1755a,
  author = {D. Bernoulli},
  title = {Reflexions et eclaircissements sur les nouvelles vibrations des cordes},
  year = {1755},
  journal = {M. Acad. Sci. Belles-Lettres Berlin},
  volume = {9},
  pages = {147--172},
}

@article{Ber2006a,
  author = {J. M. L. Bernard},
  title = {A spectral approach for scattering by impedance polygons},
  year = {2006},
  journal = {Quart. J. Mech. Appl. Math.},
  volume = {59},
  issue = {4},
  pages = {517--550},
}

@book{Bes1932a,
  author = {A. S. Besicovitch},
  title = {Almost periodic functions},
  year = {1932},
  publisher = {Cambridge University Press},
}

@article{BF2008a,
  author = {J. L. Bona and A. S. Fokas},
  title = {Initial-boundary-value problems for linear and integrable nonlinear dispersive partial differential equations},
  year = {2008},
  journal = {Nonlinearity},
  volume = {21},
  pages = {195--203},
}

@article{BFS2003a,
  author = {A. Boutet de Monvel and A. S. Fokas and D. Shepelsky},
  title = {Analysis of the Global Relation for the Nonlinear {S}chr\"{o}dinger Equation on the Half-line},
  year = {2003},
  journal = {Lett. Math. Phys.},
  volume = {65},
  number = {3},
  pages = {199--212},
}

@article{BFS2004a,
  author = {A. Boutet de Monvel and A. S. Fokas and D. Shepelsky},
  title = {The {mKDV} Equation on the Half-Line},
  year = {2004},
  journal = {J. Inst. Math. Jussieu},
  volume = {3},
  issue = {2},
  pages = {139--164},
}

@article{BFS2006a,
  author = {A. Boutet de Monvel and A. S. Fokas and D. Shepelsky},
  title = {Integrable Nonlinear Evolution Equations on a Finite Interval},
  year = {2006},
  journal = {Comm. Math. Phys.},
  volume = {263},
  number = {1},
  pages = {133--172},
}

@article{BGS1997a,
  author = {Y. B. Band and M. Gedalin and T. C. Scott},
  title = {Optical solitary waves in the higher order nonlinear {S}chr\"{o}dinger equation},
  year = {1997},
  journal = {Phys. Rev. Lett.},
  volume = {78},
  issue = {3},
  pages = {448--451},
}

@article{BGS2009a,
  author = {M. Bertola and M. Gekhtman and J. Szmigielski},
  title = {Cubic string boundary value problems and {C}auchy biorthogonal polynomials},
  year = {2009},
  journal = {J. Phys. A},
  volume = {42},
  number = {45},
  pages = {454006},
}

@article{BH2008a,
  author = {G. Biondini and G. Hwang},
  title = {Initial-boundary-value problems for discrete evolution equations: discrete linear {S}chr\"{o}dinger and integrable discrete nonlinear {S}chr\"{o}dinger equations},
  year = {2008},
  journal = {Inverse Problems},
  volume = {24},
  number = {6},
  pages = {65011},
}

@article{BH2009a,
  author = {G. Baganis and M. Hadjinicolaou},
  title = {Analytic solution of an exterior {D}irichlet problem in a non-convex domain},
  year = {2009},
  journal = {IMA J. Appl. Math.},
  volume = {74},
  issue = {5},
  pages = {668--684},
}

@article{BH2010a,
  author = {G. Baganis and M. Hadjinicolaou},
  title = {Analytic solution of an exterior {N}eumann problem in a non-convex domain},
  year = {2010},
  journal = {Math. Methods Appl. Sci.},
  volume = {33},
  issue = {17},
  pages = {2067--2075},
}

@article{BH2010b,
  author = {G. Biondini and G. Hwang},
  title = {The {A}blowitz-{L}adik system on the natural numbers with certain linearizable boundary conditions},
  year = {2010},
  journal = {Appl. Anal.},
  volume = {89},
  issue = {4},
  pages = {627--644},
}

@article{Big1996a,
  author = {J. Biggs},
  title = {Enhancing teaching through constructuve alignment},
  year = {1996},
  journal = {Higher Education},
  volume = {32},
  pages = {347--364},
}

@article{Bir1908a,
  author = {G. D. Birkhoff},
  title = {On the Asymptotic Character of the Solutions of Certain Linear Differential Equations Containing a Parameter},
  year = {1908},
  journal = {Trans. Amer. Math. Soc.},
  volume = {9},
  pages = {219--231},
}

@article{Bir1908b,
  author = {G. D. Birkhoff},
  title = {Boundary value and expansion problems of ordinary linear differential equations},
  year = {1908},
  journal = {Trans. Amer. Math. Soc.},
  volume = {9},
  pages = {373--395},
}

@article{BJ2010a,
  author = {S. Butler and N. Joshi},
  title = {An inverse scattering transform for the lattice potential {K}d{V} equation},
  year = {2010},
  journal = {Inverse Problems},
  volume = {26},
  number = {11},
  pages = {115012},
}

@article{BK1984a,
  author = {A. E. Borovik and S. I. Kulinich},
  title = {Integration of the nonlinear dynamics of a uniaxial ferromagnet by the method of inverse scattering problem},
  year = {1984},
  journal = {JETP Letters},
  volume = {39},
  issue = {7},
  pages = {384--388},
}

@article{BK1985a,
  author = {K. Kh. Boimitov and A. G. Kostyuchenko},
  title = {A spectral asymptotics of an elliptic operator in a bounded domain},
  year = {1985},
  volume = {19},
  issue = {2},
  pages = {136--138},
}

@article{BK2000a,
  author = {A. Boutet de Monvel and V. Kotlyarov},
  title = {Scattering problem for the {Z}akharov-{S}habat equations on the semi-axis},
  year = {2000},
  journal = {Inverse Problems},
  volume = {16},
  number = {6},
  pages = {1813},
}

@article{BK2003a,
  author = {A. Boutet de Monvel and V. Kotlyarov},
  title = {Generation of asymptotic solitons of the nonlinear {S}chr\"{o}dinger equation by boundary data},
  year = {2003},
  journal = {J. Math. Phys.},
  volume = {44},
  issue = {8},
  pages = {3185--3215},
}

@article{BK2005a,
  author = {A. Boutet de Monvel and V. Kotlyarov},
  title = {Characteristic Properties of the Scattering Data for the {mKdV} Equation on the Half-Line},
  year = {2005},
  journal = {Comm. Math. Phys.},
  volume = {253},
  number = {1},
  pages = {51--79},
}

@article{BK2007a,
  author = {A. Boutet de Monvel and V. Kotlyarov},
  title = {The Focusing nonlinear {S}chr\"{o}dinger equation on the quarter plane with time-periodic boundary condition: a {R}iemann-{H}ilbert approach},
  year = {2007},
  journal = {J. Inst. Math. Jussieu},
  volume = {6},
  issue = {4},
  pages = {579--611},
}

@article{BKS2009a,
  author = {A. Boutet de Monvel and V. Kotlyarov and D. Shepelsky},
  title = {Decaying long-time asymptotics for the focusing {NLS} equation with periodic boundary condition},
  year = {2009},
  journal = {Int. Math. Res. Not.},
  volume = {2009},
  issue = {3},
  pages = {547--577},
}

@article{BKSZ2010a,
  author = {A. Boutet de Monvel and V. Kotlyarov and D. Shepelsky and C. Zheng},
  title = {Initial boundary value problems for integrable systems: towards the long time asymptotics},
  year = {2010},
  journal = {Nonlinearity},
  volume = {23},
  number = {10},
  pages = {2483},
}

@article{BM2012a,
  author = {R. Buckingham and P. D. Miller},
  title = {The sine-{G}ordon equation in the semiclassical limit: critical behavior near a separatrix},
  year = {2012},
  journal = {J. Anal. Math.},
  volume = {118},
  issue = {2},
  pages = {397--492},
}

@book{BM2013a,
  author = {R. Buckingham and P. D. Miller},
  title = {The sine-{G}ordon equation in the semiclassical limit: dynamics of fluxon condensates},
  year = {2013},
  volume = {225},
  series = {Memoirs of the American Mathematical Society},
  publisher = {American Mathematical Society},
  address = {Providence, Rhode Island},
}

@article{BMPR2009a,
  author = {R. Bjork and M. McDaniel and H. Pashler and D. Rohrer},
  title = {Learning styles: concepts and evidence},
  year = {2009},
  journal = {Psychological Science in the Public Interest},
  volume = {9},
  number = {2},
  pages = {103--119},
}

@book{BO1978a,
  author = {C. M. Bender and S. A. Orszag},
  title = {Advanced mathematical methods for scientists and engineers {I} asymptotic methods and perturbation theory},
  year = {1978},
  publisher = {Springer},
}

@article{Bor1978a,
  author = {A. E. Borovik},
  title = {$N$-soliton solutions of the nonlinear {L}andau-{L}ifschitz equation},
  year = {1978},
  journal = {JETP Letters},
  volume = {28},
  issue = {10},
  pages = {581--584},
}

@book{BOS2003a,
  author = {A. A. Bolibruch and Yu. S. Osipov and Ya. G. Sinai},
  title = {Mathematical events of the twentieth century},
  year = {2003},
  publisher = {Springer},
}

@article{Bou1993a,
  author = {J. Bourgain},
  title = {Fourier transform restriction phenomena for certain lattice subsets and applications to nonlinear evolution equations part {I}: {S}chr\"{o}dinger equations},
  year = {1993},
  journal = {Geom. Funct. Anal.},
  volume = {3},
  number = {2},
  pages = {107--156},
}

@article{Bou1993b,
  author = {J. Bourgain},
  title = {Fourier transform restriction phenomena for certain lattice subsets and applications to nonlinear evolution equations part {I}{I}: the {K}{D}{V} equation},
  year = {1993},
  journal = {Geom. Funct. Anal.},
  volume = {3},
  number = {3},
  pages = {209--262},
}

@incollection{Bou2006a,
  author = {D. Boud},
  title = {Foreword},
  year = {2006},
  pages = {17--19},
  booktitle = {Innovative assessment in higher education},
  publisher = {Routledge},
  address = {London},
}

@article{BS2003a,
  author = {A. Boutet de Monvel and D. Shepelsky},
  title = {The modified {KdV} equation on a finite interval},
  year = {2003},
  journal = {C. R. Math. Acad. Sci. Paris},
  volume = {337},
  issue = {8},
  pages = {517--522},
}

@article{BS2003b,
  author = {A. Boutet de Monvel and P. Stollmann},
  title = {Eigenfunction expansions for generators of {D}irichlet forms},
  year = {2003},
  journal = {J. Reine Angew. Math.},
  volume = {561},
  pages = {131--144},
}

@article{BS2004a,
  author = {A. Boutet de Monvel and D. Shepelsky},
  title = {Initial boundary value problem for the {mKdV} equation on a finite interval},
  year = {2004},
  journal = {Ann. Inst. Fourier (Grenoble)},
  volume = {54},
  pages = {1477--1495},
}

@article{BV2007a,
  author = {R. Buckingham and S. Venakides},
  title = {Long-time asymptotics of the nonlinear {S}chr\"{o}dinger equation shock problem},
  year = {2007},
  journal = {Comm. Pure Appl. Math.},
  volume = {60},
  issue = {9},
  pages = {1349--1414},
}

@article{BW2010a,
  author = {G. Biondini and D. Wang},
  title = {Initial-boundary-value problems for discrete linear evolution equations},
  year = {2010},
  journal = {IMA J. Appl. Math.},
  volume = {75},
  issue = {6},
  pages = {968--997},
}

@misc{Cam2003a,
  author = {P. J. Cameron},
  title = {Encyclopedia of Design Theory: Posets},
  year = {2003},
}

@article{Can1874a,
  author = {G. Cantor},
  title = {Ueber eine eigenschaft des inbegriffs aller reellen algebraischen zahlen},
  year = {1874},
  journal = {J. Reine Angew. Math.},
  volume = {77},
  pages = {258--262},
}

@book{Car2000a,
  author = {J. Carter},
  title = {Database design and programming with {A}ccess, {SQL} and {V}isual {B}asic},
  year = {2000},
  publisher = {McGraw-Hill},
}

@article{Cau1842a,
  author = {A. Cauchy},
  title = {M\'{e}moire sur un th\'{e}or\`{e}me fondamental, dans le calcul int\'{e}gral},
  year = {1842},
  journal = {Comptes Rendus Seances Acad. Sci.},
  volume = {14},
  pages = {1020--1026},
}

@article{Cau1842b,
  author = {A. Cauchy},
  title = {M\'{e}moire sur l'emploi du calcul des limites dans l'int\'{e}gratation des \'{e}quations aux d\'{e}riv\'{e}es partielles},
  year = {1842},
  journal = {Comptes Rendus Seances Acad. Sci.},
  volume = {15},
  pages = {44--59},
}

@article{Cau1842c,
  author = {A. Cauchy},
  title = {M\'{e}moire sur l'application du calcul des limites dans l'int\'{e}gratation d'un syst\`{e}me d'\'{e}quations aux d\'{e}riv\'{e}es partielles},
  year = {1842},
  journal = {Comptes Rendus Seances Acad. Sci.},
  volume = {15},
  pages = {85--101},
}

@article{Cau1842d,
  author = {A. Cauchy},
  title = {M\'{e}moire sur les syst\'{e}mes d'\'{e}quations aux d\'{e}riv\'{e}es partielles d'ordres quelconques, et sur leur r\'{e}duction \`{a} des syst\`{e}mes d'\'{e}quations lin\'{e}aires du premier ordre},
  year = {1842},
  journal = {Comptes Rendus Seances Acad. Sci.},
  volume = {15},
  pages = {131--138},
}

@article{CC2007a,
  author = {E. Cerpa and E. Crep\'{e}au},
  title = {Boundary controllability for the nonlinear {K}orteweg-de {V}ries equation on any critical domain},
  year = {2009},
  journal = {Ann. Institut Henri Poincare C Non Linear Analysis},
  volume = {26},
  issue = {2},
  pages = {457--475},
}

@article{CC2009a,
  author = {E. Cerpa and E. Crep\'{e}au},
  title = {Rapid exponential stabilization for a linear {K}orteweg-de {V}ries equation},
  year = {2009},
  journal = {Discrete Contin. Dyn. Syst. Ser. B},
  volume = {11},
  number = {3},
  pages = {655--668},
}

@article{CC2009b,
  author = {E. Cerpa and E. Crep\'{e}au},
  title = {Rapid exponential stabilization for a linear {K}orteweg-de {V}ries equation},
  year = {2009},
  journal = {Discrete Contin. Dyn. Syst. Ser. B},
  volume = {11},
  number = {3},
  pages = {655--668},
}

@article{CD2013a,
  author = {D. G. Crowdy and A. M. J. Davis},
  title = {Stokes flow singularities in a two-dimensional channel: a novel transform approach with application to microswimming},
  year = {2013},
  journal = {Proc. R. Soc. Lond. Ser. A Math. Phys. Eng. Sci.},
  volume = {469},
  number = {2157},
  pages = {20130198},
}

@article{CDF2010a,
  author = {A. Charalambopoulos and G. Dassios and A. S. Fokas},
  title = {Laplace's equation in the exterior of a convex polygon. The equilateral triangle},
  year = {2010},
  journal = {Quart. Appl. Math.},
  volume = {68},
  pages = {645--660},
}

@article{Cer2007a,
  author = {E. Cerpa},
  title = {Exact controllability of a nonlinear {K}orteweg-de {V}ries equation on a critical spatial domain},
  year = {2007},
  journal = {SIAM J. Control Optim.},
  volume = {46},
  issue = {3},
  pages = {877--899},
}

@article{CF2004a,
  author = {D. G. Crowdy and A. S. Fokas},
  title = {Explicit integral solutions for the plane elastostatic semi-strip},
  year = {2004},
  journal = {Proc. R. Soc. Lond. Ser. A Math. Phys. Eng. Sci.},
  volume = {460},
  number = {2045},
  pages = {1285--1309},
}

@article{CGL2000a,
  author = {P. Cl\'{e}ment and G. Gripenberg and S-O. Londen},
  title = {Schauder estimates for equations with fractional derivatives},
  year = {2000},
  journal = {Trans. Amer. Math. Soc.},
  volume = {352},
  pages = {2239--2260},
}

@article{CGL2000b,
  author = {P. Cl\'{e}ment and G. Gripenberg and S-O. Londen},
  title = {Smoothness in fractional evolution equations and conservation laws},
  year = {2000},
  journal = {Ann. Sc. Norm. Super. Pisa Cl. Sci},
  volume = {29},
  number = {4},
  pages = {231--251},
}

@phdthesis{Chi2006a,
  author = {D. Chilton},
  title = {An Alternative Approach to Two-Point Boundary Value Problems for
	Linear Evolution {PDE}s and Applications},
  year = {2006},
  school = {University of Reading},
  type = {PhD},
}

@unpublished{Chi2011a,
  author = {H. Chiba},
  title = {A spectral theory of linear operators on rigged {H}ilbert spaces under certain analyticity conditions},
  year = {2011},
}

@article{CHL1995a,
  author = {Z.-Y. Chen and N.-N. Huang and Z.-Z. Liu},
  title = {An inverse scattering transform for the {L}andau-{L}ifschitz equation for a spin chain with an easy axis},
  year = {1995},
  journal = {J. Phys.: Condens. Matter},
  volume = {7},
  number = {23},
  pages = {4533--4547},
}

@book{Chu1941a,
  author = {R. V. Churchill},
  title = {Fourier Series and Boundary Value Problems},
  year = {1941},
  publisher = {McGraw-Hill},
}

@article{CHY1998a,
  author = {X.-J. Chen and N.-N. Huang and H. Yue},
  title = {An inverse scattering transform for the {L}andau-{L}ifshitz equation for a spin chain with an easy plane},
  year = {1998},
  journal = {J. Phys. A},
  volume = {31},
  number = {10},
  pages = {2491--2501},
}

@inproceedings{CJM2006a,
  author = {P. A. Clarkson and N. Joshi and M. Mazzocco},
  title = {The {L}ax pair for the m{K}d{V} hierarchy},
  year = {2006},
  booktitle = {Th\'{e}ories asymptotiques et equations {P}ainlev\'{e}. {S}\'{e}minaires et congr\`{e}s},
  publisher = {Soc. Math. France},
  address = {Paris},
}

@article{CK1992a,
  author = {A. Cohen and T. Kappeler},
  title = {Solutions to the cubic {S}chr\"{o}dinger equation by the inverse scattering method},
  year = {1992},
  journal = {SIAM J. Math. Anal.},
  volume = {23},
  issue = {4},
  pages = {900--922},
}

@article{CKSTT2003a,
  author = {J. Colliander and M. Keel and G. Staffilani and H. Takaoka and T. Tao},
  title = {Sharp global well-posedness for KdV and modified KdV on $\mathbb{R}$ and $\mathbb{T}$},
  year = {2003},
  journal = {J. Amer. Math. Soc.},
  volume = {16},
  pages = {705--749},
}

@book{CL1955a,
  author = {E. A. Coddington and N. Levinson},
  title = {Theory of Ordinary Differential Equations},
  year = {1955},
  series = {International Series in Pure and Applied Mathematics},
  publisher = {McGraw-Hill},
}

@article{CLS2004a,
  author = {P. Cl\'{e}ment and S-O. Londen and G. Simonetti},
  title = {Quasilinear evolutionary equations and continuous interpolation spaces},
  year = {2004},
  journal = {J. Differential Equations},
  volume = {196},
  issue = {2},
  pages = {418--447},
}

@article{CN1995a,
  author = {H. Capel and F. Nijhoff},
  title = {The discrete {K}orteweg-de {V}ries equation},
  year = {1995},
  journal = {Acta Appl. Math.},
  volume = {39},
  issue = {1},
  pages = {133--158},
}

@article{Cod1952a,
  author = {E. A. Coddington},
  title = {On the spectral representation of ordinary self-adjoint differential operators},
  year = {1952},
  journal = {Proc. Natl. Acad. Sci. USA},
  volume = {38},
  number = {8},
  pages = {732--737},
}

@article{Coh1984a,
  author = {A. Cohen},
  title = {Solutions of the {K}orteweg-de{V}ries equation with steplike initial profile},
  year = {1984},
  journal = {Comm. Partial Differential Equations},
  volume = {9},
  number = {8},
  pages = {751--806},
}

@book{Con1995a,
  author = {J. B. Conway},
  title = {Functions of One Complex Variable},
  year = {1973},
  series = {Graduate Texts in Mathematics},
  publisher = {Springer},
}

@article{Cru1955a,
  author = {M. M. Crum},
  title = {Associated {S}turm-{L}iouville systems},
  year = {1955},
  journal = {Q. J. Math.},
  volume = {6},
  issue = {1},
  pages = {121--127},
}

@article{CS1993a,
  author = {W. Craig and C. Sulem},
  title = {Numerical Simulation of Gravity Waves},
  year = {1993},
  journal = {J. Comput. Phys.},
  volume = {108},
  issue = {1},
  pages = {73--83},
}

@phdthesis{Cur2005a,
  author = {S. Currie},
  title = {Spectral theory of differential operators on graphs},
  year = {2005},
  school = {University of Witwatersrand},
}

@article{CW2009a,
  author = {W. Craig and S. Weinstein},
  title = {On determinism and well-posedness in multiple time dimensions},
  year = {2009},
  journal = {Proc. R. Soc. Lond. Ser. A Math. Phys. Eng. Sci.},
  volume = {465},
  number = {2110},
  pages = {3023--3046},
}

@book{dAl1774a,
  author = {J. d'Alembert},
  title = {R\'{e}flexion sur la cause g\'{e}n\'{e}rale des vents},
  year = {1774},
  publisher = {Chez David},
  address = {Paris},
}

@article{Dar1875a,
  author = {G. Darboux},
  title = {M\'{e}moire sur l'existence de l'int\'{e}grale dans \'{e}quations aux d\'{e}riv\'{e}es partielles contenant un nombre quelconque de fonctions et de variables indep\'{e}ndantes},
  year = {1875},
  journal = {Comptes Rendus Seances Acad. Sci.},
  volume = {50},
  pages = {101--104},
}

@article{Dar1875b,
  author = {G. Darboux},
  title = {Sur l'existence de l'int\'{e}grale dans \'{e}quations aux d\'{e}riv\'{e}es partielles d'ordre quelconque de fonctions},
  year = {1875},
  journal = {Comptes Rendus Seances Acad. Sci.},
  volume = {50},
  pages = {317--319},
}

@article{Das2007a,
  author = {G. Dassios},
  title = {What non-linear methods offered to linear problems? The {F}okas transform method},
  year = {2007},
  journal = {International Journal of Non-Linear Mechanics},
  volume = {42},
  issue = {1},
  pages = {146--156},
}

@book{Dau1992a,
  author = {I. Daubechies},
  title = {Ten Lectures on Wavelets},
  year = {1992},
  series = {CBMS-NSF Regional Conference Series in Applied Mathematics},
  publisher = {SIAM},
  address = {Philadelphia, PA},
}

@book{Dav1995a,
  author = {E. B. Davies},
  title = {Spectral Theory and Differential Operators},
  year = {1995},
  series = {Cambridge Studies in Advanced Mathematics},
  publisher = {Cambridge University Press},
}

@article{Dav1999a,
  author = {E. B. Davies},
  title = {Pseudo-spectra, the harmonic oscillator and complex resonances},
  year = {1999},
  journal = {Proc. R. Soc. Lond. Ser. A Math. Phys. Eng. Sci.},
  volume = {455},
  number = {1982},
  pages = {585--599},
}

@article{Dav2000a,
  author = {E. B. Davies},
  title = {Wild Spectral Behaviour of Anharmonic Oscillators},
  year = {2000},
  journal = {Bull. Lond. Math. Soc},
  volume = {32},
  issue = {4},
  pages = {432--438},
}

@article{Dav2002a,
  author = {E. B. Davies},
  title = {Non-self-adjoint differential operators},
  year = {1979},
  journal = {Bull. Lond. Math. Soc},
  volume = {34},
  issue = {5},
  pages = {513--532},
}

@book{Dav2007a,
  author = {E. B. Davies},
  title = {Linear Operators and their Spectra},
  year = {2007},
  volume = {106},
  series = {Cambridge Studies in Advanced Mathematics},
  publisher = {Cambridge University Press},
}

@article{DD2011a,
  author = {G. Dassios and M. Doschoris},
  title = {On the Global Relation and the {D}irichlet-to-{N}eumann Correspondence},
  year = {2011},
  journal = {Stud. Appl. Math.},
  volume = {126},
  issue = {1},
  pages = {75--102},
}

@article{DD2011b,
  author = {G. Dassios and M. Doschoris},
  title = {Axisymmetric {S}tokes' flow in a spherical shell revisited via the {F}okas method. {P}art {I}: {I}rrotational flow},
  year = {2011},
  journal = {Math. Methods Appl. Sci.},
  volume = {34},
  issue = {7},
  pages = {850--868},
}

@article{Dea1981a,
  author = {M. Deakin},
  title = {The development of the {L}aplace transform, 1737--1937 {I}. {E}uler to {S}pitzer, 1737--1880},
  year = {1981},
  journal = {Arch. Hist. Exact Sci.},
  volume = {25},
  issue = {4},
  pages = {343--391},
}

@article{Dea1982a,
  author = {M. Deakin},
  title = {The development of the {L}aplace Transform, 1737--1937 {II}. {P}oincar\'{e} to {D}oetsch, 1880--1937},
  year = {1982},
  journal = {Arch. Hist. Exact Sci.},
  volume = {26},
  issue = {4},
  pages = {351--381},
}

@book{Dei1999a,
  author = {P. Deift},
  title = {Orthogonal Polynomials: A {R}iemann-{H}ilbert Approach},
  year = {1999},
  series = {Courant Lecture Notes in Mathematics},
  publisher = {Courant Institute of Mathematical Sciences},
}

@misc{Dei2006a,
  author = {P. Deift},
  title = {Universality for mathematical and physical systems},
  year = {2006},
}

@phdthesis{Den2012a,
  author = {Z. Denton},
  title = {Qualitative theory of {R}iemann-{L}iouville fractional differential equations},
  year = {2012},
  school = {University of Louisiana at Lafayette},
  type = {{PhD} Thesis},
}

@article{DF2005a,
  author = {G. Dassios and A. S. Fokas},
  title = {The basic elliptic equations in an equilateral triangle},
  year = {2005},
  journal = {Proc. R. Soc. Lond. Ser. A Math. Phys. Eng. Sci.},
  volume = {461},
  number = {2061},
  pages = {2721--2748},
}

@article{DF2008a,
  author = {G. Dassios and A. S. Fokas},
  title = {Methods for Solving Elliptic {PDE}s in Spherical Coordinates},
  year = {2008},
  journal = {SIAM J. Appl. Math.},
  volume = {68},
  issue = {4},
  pages = {1080--1096},
}

@unpublished{DF2011a,
  author = {M. Dimakos and A. S. Fokas},
  title = {The {P}oisson and the Biharmonic Equations in the Interior of a Convex Polygon},
  year = {2011},
  note = {(submitted)},
}

@article{DF2014a,
  author = {C.-I. R. Davis and B. Fornberg},
  title = {A spectrally accurate numerical implementation of the {F}okas transform method for {H}elmholtz-type {P}{D}{E}s},
  year = {2014},
  journal = {Complex Var. Elliptic Equ.},
  volume = {59},
  issue = {4},
  pages = {564--577},
}

@book{DiB2010a,
  author = {E. DiBenedetto},
  title = {Partial differential equations},
  year = {2010},
  publisher = {Birkh\"{a}user},
}

@article{Dic1995a,
  author = {L. Dickinson},
  title = {Autonomy and motivation a literature review},
  year = {1995},
  journal = {System},
  volume = {23},
  issue = {2},
  pages = {165--174},
}

@article{DK2004a,
  author = {E. B. Davies and A. B. J. Kuijlaars},
  title = {Spectral Assymptotics of the non-self-adjoint Harmonic Oscillator},
  year = {2004},
  journal = {J. Lond. Math. Soc.},
  volume = {70},
  issue = {2},
  pages = {420--426},
}

@proceedings{DKK1994a,
  author = {W. Desch and F. Kappel and K. Kunisch},
  title = {Control and estimation of distributed parameter stsems: nonlinear phenomena},
  year = {1973},
  publisher = {Birkh\"{a}user},
}

@article{DMS2001a,
  author = {A. Degasperis and S. Manakov and P. Santini},
  title = {On the initial-boundary value problems for soliton equations},
  year = {2001},
  journal = {JETP Letters},
  volume = {74},
  issue = {10},
  pages = {481--485},
}

@article{DMS2002a,
  author = {A. Degasperis and S. Manakov and P. Santini},
  title = {Initial-Boundary Value Problems for Linear and Soliton {PDE}s},
  year = {2002},
  journal = {Theoret. and Math. Phys.},
  volume = {133},
  pages = {1475--1489},
}

@inproceedings{DMS2002b,
  author = {A. Degasperis and S. Manakov and P. Santini},
  title = {Initial-boundary value problems for linear {PDEs}: the analyticity approach},
  year = {2002},
  booktitle = {New Trends in Integrability and Partial Solvability},
  publisher = {Springer},
}

@inbook{DMS2004a,
  author = {A. Degasperis and S. Manakov and P. Santini},
  title = {Initial-boundary value problems for linear {P}{D}{E}s: the analyticity approach},
  year = {2004},
  pages = {79--103},
  booktitle = {New Trends in Integrability and Partial Solvability},
  publisher = {Springer},
}

@article{DN1960a,
  author = {M. M. Dzrbasyan and A. B. Nersesyan},
  title = {Expansion problem in special biorthogonal systems and boundary value problems for differential equations of fractional order},
  year = {1960},
  journal = {Dokl. Akad. Nauk},
  volume = {1},
  issue = {29},
  pages = {629--633},
}

@article{DO2011a,
  author = {B. Deconinck and K. Oliveras},
  title = {The instability of periodic surface gravity waves},
  year = {2011},
  journal = {J. Fluid Mech.},
  volume = {675},
  pages = {141--167},
}

@book{Doo1991a,
  author = {J. L. Doob},
  title = {Measure Theory},
  year = {1991},
  series = {Graduate Texts in Mathematics},
  publisher = {Springer},
}

@article{Dos2010a,
  author = {M. Doschoris},
  title = {Harmonic functions in rectangular domains. {C}lassical solutions revisited},
  year = {2010},
  journal = {Int. J. Math. Anal. (Ruse)},
  volume = {4},
  number = {45},
  pages = {2261--2285},
}

@article{DPS2014a,
  author = {Deconinck, B. and Pelloni, B. and Sheils, N. E.},
  title = {Non-steady-state heat conduction in composite walls},
  year = {2014},
  journal = {Proc. R. Soc. Lond. Ser. A Math. Phys. Eng. Sci.},
  volume = {470},
  number = {2165},
  pages = {20130605},
}

@book{DS1958a,
  author = {N. Dunford and J. T. Schwartz},
  title = {Linear Operators Part {I} General Theory},
  year = {1958},
  series = {Pure and Applied Mathematics},
  publisher = {Wiley-Interscience},
}

@book{DS1963a,
  author = {N. Dunford and J. T. Schwartz},
  title = {Linear Operators Part {II} Spectral Theory, Self Adjoint Operators in a Hilbert Space},
  year = {1963},
  series = {Pure and Applied Mathematics},
  publisher = {Wiley-Interscience},
}

@book{DS1971a,
  author = {N. Dunford and J. T. Schwartz},
  title = {Linear Operators Part {III} Spectral Operators},
  year = {1971},
  series = {Pure and Applied Mathematics},
  publisher = {Wiley-Interscience},
}

@unpublished{DS2014a,
  author = {B. Deconinck and Sheils, N.},
  title = {Interface problems for dispersive equations},
  year = {2014},
  note = { submitted for review},
}

@article{DS2014b,
  author = {B. Deconinck and Sheils, N.},
  title = {Heat conduction on the ring: interface problems with periodic boundary conditions},
  year = {2014},
  journal = {Appl. Math. Lett.},
  volume = {37},
  pages = {107--111},
}

@article{DT2012a,
  author = {B. Deconinck and T. Trogdon},
  title = {The solution of linear constant-coefficient evolution {PDE}s with periodic boundary conditions},
  year = {2012},
  journal = {Appl. Anal.},
  volume = {91},
  number = {3},
  pages = {529--544},
}

@article{DTV2014a,
  author = {B. Deconinck and T. Trogdon and V. Vasan},
  title = {The method of {F}okas for solving linear partial differential equations},
  year = {2014},
  journal = {SIAM Rev.},
  volume = {56},
  number = {1},
  pages = {159--186},
}

@misc{Dub2009a,
  author = {B. Dubrovin},
  title = {Integrable systems and {R}iemann surfaces lecture notes},
  year = {2009},
}

@book{Duf1956a,
  author = {G. F. D. Duff},
  title = {Partial Differential Equations},
  year = {1956},
  volume = {9},
  series = {Mathematical Expositions},
  publisher = {University of Toronto Press},
  address = {Canada},
}

@article{Duj2009a,
  author = {G. M. Dujardin},
  title = {Asymptotics of linear initial boundary value problems with periodic boundary data on the half-line and finite intervals},
  year = {2009},
  journal = {Proc. R. Soc. Lond. Ser. A Math. Phys. Eng. Sci.},
  volume = {465},
  number = {2111},
  pages = {3341--3360},
}

@article{Dun1958a,
  author = {N. Dunford},
  title = {A survey of the theory of spectral operators},
  year = {1958},
  journal = {Bull. Amer. Math. Soc.},
  volume = {64},
  pages = {217--274},
}

@unpublished{DV2011a,
  author = {B. Deconinck and V. Vasan},
  title = {Well-posedness of boundary-value problems for the linear {B}enjamin-{B}ona-{M}ahony equation},
  year = {2011},
  note = { submitted for review},
}

@article{DVZ1994a,
  author = {P. Deift and S. Venakides and X. Zhou},
  title = {The collisionless shock region for the long-time behavior of solutions of the {KdV} equation},
  year = {1994},
  journal = {Comm. Pure Appl. Math.},
  volume = {47},
  issue = {2},
  pages = {199--206},
}

@article{DVZ1997a,
  author = {P. Deift and S. Venakides and X. Zhou},
  title = {New results in small dispersion {KdV} by an extension of the steepest descent method for {R}iemann-{H}ilbert problems},
  year = {1997},
  journal = {Int. Math. Res. Not.},
  volume = {1997},
  issue = {6},
  pages = {285--299},
}

@article{DZ1992a,
  author = {P. Deift and X. Zhou},
  title = {A steepest descent method for oscillatory {R}iemann-{H}ilbert problems},
  year = {1992},
  journal = {Bull. Amer. Math. Soc.},
  volume = {26},
  number = {1},
  pages = {119--123},
}

@article{DZ1993a,
  author = {P. Deift and X. Zhou},
  title = {A steepest descent method for oscillatory {R}iemann-{H}ilbert problems. {A}symptotics for the {MKdV} equation},
  year = {1993},
  journal = {Ann. Of Math.},
  volume = {137},
  number = {2},
  pages = {295--368},
}

@article{Ebe1964a,
  author = {W. Eberhard},
  title = {Das asymptotische verhalten der {G}reenschen funktion irregul\:{a}rer eigenwertprobleme mit zerfallenden randbedingungen},
  year = {1964},
  journal = {Math. Z.},
  volume = {86},
  issue = {1},
  pages = {45--53},
}

@article{Ebe1964b,
  author = {W. Eberhard},
  title = {Die entwicklungen nach eigenfunktionen irregul\:{a}rer eigenwertprobleme mit zerfallenden randbedingungen},
  year = {1964},
  journal = {Math. Z.},
  volume = {86},
  issue = {3},
  pages = {205--214},
}

@article{Ebe1965a,
  author = {W. Eberhard},
  title = {Die entwicklungen nach eigenfunktionen irregul\:{a}rer eigenwertprobleme mit zerfallenden randbedingungen. {II}},
  year = {1965},
  journal = {Math. Z.},
  volume = {90},
  pages = {126--137},
}

@article{EL2002a,
  author = {W. E and D. Liu},
  title = {Gibbsian dynamics and invariant measures for stochastic dissipative {P}{D}{E}s},
  year = {2002},
  journal = {J. Stat. Phys.},
  volume = {108},
  number = {5},
  pages = {1125--1156},
}

@book{ET2005a,
  author = {M. Embree and L. N. Trefethen},
  title = {Spectra and Pseudospectra},
  year = {2005},
  publisher = {Princeton University Press},
  address = {New Jersey},
}

@article{Eul1757a,
  author = {L. Euler},
  title = {Principes g\'{e}n\'{e}raux du mouvement des fluides},
  year = {1757},
  journal = {M. Acad. Sci. Berlin},
  volume = {11},
  pages = {274--315},
}

@article{Eul1813a,
  author = {L. Euler},
  title = {Integratio generalis aequationum differentialium linearium cujuscunque gradus},
  year = {1813},
  journal = {M. Acad. Imperiale Sci. St Petersbourg},
  volume = {4},
  pages = {43--51},
}

@unpublished{Eve2010a,
  author = {S. P. Eveson},
  title = {Some asymptotic properties of the polylaplacian operator},
  year = {2010},
  howpublished = {(Simon emailed me this in May 2011 after I requested he send me it. I was interested after hearing him speak in Young Functional Analysts' Workshop 2011, York)},
  note = {(private communication)},
}

@article{FF1981a,
  author = {A. S. Fokas and B. Fuchssteiner},
  title = {Symplectic structures, their {B}\"{a}cklund transformations and hereditary symmetries},
  year = {1981},
  journal = {Phys. D},
  volume = {4},
  issue = {1},
  pages = {47--66},
}

@article{FF2008a,
  author = {N. Flyer and A. S. Fokas},
  title = {A Hybrid Analytical Numerical Method for Solving Evolution Partial Differential Equations. {I}. The Half-Line},
  year = {2008},
  journal = {Proc. R. Soc. Lond. Ser. A Math. Phys. Eng. Sci.},
  volume = {464},
  number = {2095},
  pages = {1823--1849},
}

@article{FF2011a,
  author = {N. Flyer and B. Fornberg},
  title = {A numerical implementation of {F}okas boundary integral approach: {L}aplace's equation on a polygonal domain},
  year = {2011},
  journal = {Proc. R. Soc. Lond. Ser. A Math. Phys. Eng. Sci.},
  volume = {467},
  number = {2134},
  pages = {2983--3003},
}

@article{FFSS2008a,
  author = {A. S. Fokas and S. R. Fulton and Y. G. Saridakis and A. G. Sifalakis},
  title = {The generalized {D}irichlet-{N}eumann map for linear elliptic {PDE}s and its numerical implementation},
  year = {2008},
  journal = {J. Comput. Appl. Math.},
  volume = {219},
  issue = {1},
  pages = {9--34},
}

@article{FFSS2009a,
  author = {N. Flyer and A. S. Fokas and S. A. Smitheman and E. A. Spence},
  title = {A semi-analytical numerical method for solving evolution and elliptic partial differential equations},
  year = {2009},
  journal = {J. Comput. Appl. Math.},
  volume = {227},
  issue = {1},
  pages = {59--74},
}

@article{FFX2004a,
  author = {A. S. Fokas and S. R. Fulton and C. A. Xenophontos},
  title = {An analytical method for linear elliptic {PDE}s and its numerical implementation},
  year = {2004},
  journal = {J. Comput. Appl. Math.},
  volume = {167},
  issue = {2},
  pages = {465--483},
}

@article{FG1994a,
  author = {A. S. Fokas and I. M. Gel'fand},
  title = {Integrability of Linear and Nonlinear Evolution Equations and the Associated Nonlinear Fourier Transforms},
  year = {1994},
  journal = {Lett. Math. Phys.},
  volume = {32},
  pages = {189--210},
}

@incollection{FG1997a,
  author = {A. S. Fokas and I. M. Gel'fand},
  title = {Algebraic aspects of integrable systems},
  year = {1997},
  booktitle = {Progress in nonlinear differential equations and their applications},
  publisher = {Birkh\"{a}user},
}

@unpublished{FG2012a,
  author = {A. S. Fokas and M. L. Glasser},
  title = {The {L}aplace equation for the exterior of the {H}ankel contour and novel identities for hypergeometric functions},
  year = {2012},
}

@article{FH2013a,
  author = {A. S. Fokas and G. Hwang},
  title = {The modified {K}orteweg-de {V}ries equation on the half-line with a sine-wave as {D}irichlet datum},
  year = {2013},
  journal = {J. Nonlinear Math. Phys.},
  volume = {20},
  issue = {1},
  pages = {135--157},
}

@article{FI1992a,
  author = {A. S. Fokas and A. R. Its},
  title = {Soliton generation for initial-boundary-value problems},
  year = {1992},
  journal = {Phys. Rev. Lett.},
  volume = {68},
  issue = {21},
  pages = {3117--3120},
}

@article{FI1992b,
  author = {A. S. Fokas and A. R. Its},
  title = {An Initial-Boundary Value Problem for the sine-{G}ordon Equation in
Laboratory Coordinates},
  year = {1992},
  journal = {Theoret. and Math. Phys.},
  volume = {92},
  number = {3},
  pages = {964--978},
}

@article{FI1994a,
  author = {A. S. Fokas and A. R. Its},
  title = {An initial-boundary value problem for the {K}orteweg-de {V}ries equation},
  year = {1994},
  journal = {Math. Comput. Simulation},
  volume = {37},
  issue = {4},
  pages = {293--321},
}

@article{FI1996a,
  author = {A. S. Fokas and A. R. Its},
  title = {The Linearization of the Initial-Boundary Value Problem of the Nonlinear {S}chr\"{o}dinger Equation},
  year = {1996},
  journal = {SIAM J. Appl. Math.},
  volume = {27},
  issue = {3},
  pages = {738--764},
}

@article{FI2004a,
  author = {A. S. Fokas and A. R. Its},
  title = {The nonlinear {S}chr\"{o}dinger equation on the interval},
  year = {2004},
  journal = {J. Phys. A},
  volume = {37},
  number = {23},
  pages = {6091--6114},
}

@article{FIS2005a,
  author = {A. S. Fokas and A. R. Its and L. Y. Sung},
  title = {The nonlinear {S}chr\"{o}dinger equation on the half-line},
  year = {2005},
  journal = {Nonlinearity},
  volume = {18},
  number = {4},
  pages = {1771--1822},
}

@unpublished{FIS2013a,
  author = {A. S. Fokas and A. Iserles and S. A. Smitheman},
  title = {The unified method in polygonal domains via the explicit {F}ourier transform of {L}egendre polynomials},
  year = {2013},
}

@article{FK2000a,
  author = {A. S. Fokas and A. A. Kapaev},
  title = {A {R}iemann-{H}ilbert Approach to the {L}aplace Equation},
  year = {2000},
  journal = {J. Math. Anal. Appl.},
  volume = {251},
  issue = {2},
  pages = {770--804},
}

@article{FK2003a,
  author = {A. S. Fokas and A. A. Kapaev},
  title = {On a transform method for the {L}aplace equation in a polygon},
  year = {2003},
  journal = {IMA J. Appl. Math.},
  volume = {68},
  issue = {4},
  pages = {355--408},
}

@article{FK2004a,
  author = {A. S. Fokas and S. Kamvissis},
  title = {Zero-dispersion limit for integrable equations on the half-line with linearisable data},
  year = {2004},
  journal = {Abstr. Appl. Anal.},
  volume = {2004},
  issue = {5},
  pages = {361--370},
}

@article{FK2010a,
  author = {A. S. Fokas and K. Kalimeris},
  title = {The Heat Equation in the Interior of an Equilateral Triangle},
  year = {2010},
  journal = {Stud. Appl. Math.},
  volume = {124},
  issue = {3},
  pages = {283--305},
}

@unpublished{FK2014a,
  author = {A. S. Fokas and K. Kalimeris},
  title = {Eigenvalues for the {L}aplace operator in the interior of an equilateral triangle},
  year = {2014},
  journal = {Comput. Methods Funct. Theory},
  note = {submitted for review},
}

@book{FKM2009a,
  author = {H. Fry and S. Ketteridge and S. Marshall},
  title = {A handbook for teaching and learning in higher education},
  year = {2009},
  publisher = {Routledge},
  address = {London},
}

@article{FL2009a,
  author = {A. S. Fokas and J. Lenells},
  title = {An integrable generalization of the nonlinear {S}chr\"{o}dinger equation on the half-line and solitons},
  year = {2009},
  journal = {Inverse Problems},
  volume = {25},
  number = {11},
  pages = {115006},
}

@article{FL2010a,
  author = {A. S. Fokas and J. Lenells},
  title = {Explicit soliton asymptotics for the {K}orteweg-de {V}ries equation on the half-line},
  year = {2010},
  journal = {Nonlinearity},
  volume = {23},
  number = {4},
  pages = {937--976},
}

@article{FL2011a,
  author = {A. S. Fokas and J. Lenells},
  title = {Boundary-Value Problems for the Stationary Axisymmetric {E}instein Equations: a Rotating Disc},
  year = {2011},
  journal = {Nonlinearity},
  volume = {24},
  number = {1},
  pages = {177--206},
}

@article{FL2012a,
  author = {A. S. Fokas and J. Lenells},
  title = {The unified method: {I} non-linearizable problems on the half-line},
  year = {2012},
  journal = {J. Phys. A},
  volume = {45},
  pages = {195201},
}

@article{FL2012b,
  author = {A. S. Fokas and J. Lenells},
  title = {The unified method: {I}{I} {N}{L}{S} on the half-line with t-periodic boundary conditions},
  year = {2012},
  journal = {J. Phys. A},
  volume = {45},
  pages = {195202},
}

@article{FL2012c,
  author = {A. S. Fokas and J. Lenells},
  title = {The unified method: {I}{I}{I} non-linearizable problems on the interval},
  year = {2012},
  journal = {J. Phys. A},
  volume = {45},
  pages = {195203},
}

@unpublished{FL2014a,
  author = {A. S. Fokas and J. Lenells},
  title = {The unified transform method for the modified Helmholz equation in the exterior of a square},
  year = {2014},
  journal = {J. Equations Derives Partielles},
  note = {submitted for review},
}

@book{Fla1963a,
  author = {H. Flanders},
  title = {Differential Forms with Applications to the Physical Sciences},
  year = {1963},
  volume = {11},
  series = {Mathematics in Science and Engineering},
  publisher = {Academic Press},
}

@article{FLP2013a,
  author = {A. S. Fokas and J. Lenells and Pelloni, B.},
  title = {Boundary value problems for the elliptic sine-{G}ordon equation in a semi-strip},
  year = {2013},
  journal = {J. Nonlinear Sci.},
  volume = {23},
  issue = {2},
  pages = {241--282},
}

@article{FM1999a,
  author = {A. S. Fokas and C. R. Menyuk},
  title = {Integrability and Self-Similarity in Transient Stimulated {R}aman Scattering},
  year = {1999},
  journal = {J. Nonlinear Sci.},
  volume = {9},
  number = {1},
  pages = {1--31},
}

@article{FM2011a,
  author = {A. S. Fokas and D. Mantzavinos},
  title = {The {K}adomtsev-{P}etviashvili {II} equation on the half-plane},
  year = {2011},
  journal = {Phys. D},
  volume = {240},
  issue = {6},
  pages = {477--511},
}

@unpublished{FM2011b,
  author = {A. S. Fokas and D. Mantzavinos},
  title = {The {K}adomtsev-{P}etviashvili {I} equation on the half-plane},
  year = {2011},
}

@article{FM2015a,
  author = {A. S. Fokas and D. Mantzavinos},
  title = {The unified method for the heat equation: {I}{I}. {N}on-separable boundary conditions in two dimensions},
  year = {2015},
  journal = {E. J. Appl. Math.},
  volume = {26},
  issue = {6},
  pages = {887-916}
}

@article{FM2013a,
  author = {A. S. Fokas and D. Mantzavinos},
  title = {The unified method for the heat equation: {I}. {N}on-separable boundary conditions and non-local constraints in one dimension},
  year = {2013},
  journal = {European J. Appl. Math.},
  volume = {24},
  issue = {6},
  pages = {857--886},
}

@article{FN2012a,
  author = {A. S. Fokas and A. Nachbin},
  title = {Water waves over a variable bottom: a non-local formulation and conformal mappings},
  year = {2012},
  journal = {J. Fluid Mech.},
  volume = {695},
  pages = {288--309},
}

@article{Fok1997a,
  author = {A. S. Fokas},
  title = {A unified transform method for solving linear and certain nonlinear {PDE}s},
  year = {1997},
  journal = {Proc. R. Soc. Lond. Ser. A Math. Phys. Eng. Sci.},
  volume = {453},
  pages = {1411--1443},
}

@article{Fok2000a,
  author = {A. S. Fokas},
  title = {On the integrability of linear and nonlinear partial differential equations},
  year = {2000},
  journal = {J. Math. Phys.},
  volume = {41},
  issue = {6},
  pages = {4188--4237},
}

@article{Fok2001a,
  author = {A. S. Fokas},
  title = {Two Dimensional Linear Partial Differential Equations in a Convex Polygon},
  year = {2001},
  journal = {Proc. R. Soc. Lond. Ser. A Math. Phys. Eng. Sci.},
  volume = {457},
  pages = {371--393},
}

@article{Fok2002a,
  author = {A. S. Fokas},
  title = {A New Transform Method for Evolution {PDE}s},
  year = {2002},
  journal = {IMA J. Appl. Math.},
  volume = {67},
  issue = {6},
  pages = {559--590},
}

@article{Fok2002b,
  author = {A. S. Fokas},
  title = {Integrable nonlinear evolution equations on the half-line},
  year = {2002},
  journal = {Comm. Math. Phys.},
  volume = {230},
  number = {1},
  pages = {1--39},
}

@inproceedings{Fok2002c,
  author = {A. S. Fokas},
  title = {Differential forms, spectral theory, and boundary value problems},
  year = {2002},
  booktitle = {The legacy of the inverse scattering transform in applied mathematics: proceedings of an {AMS-IMS-SIAM} joint summer research conference on the legacy of inverse scattering transform in nonlinear wave propagation, {J}une 17-21, 2001, {M}ount {H}olyoke {C}ollege, {S}outh {H}adley, {MA}},
  publisher = {American Mathematical Society},
  address = {Providence, Rhode Island},
}

@article{Fok2003a,
  author = {A. S. Fokas},
  title = {Ehrenpreis Type Representations and Their {R}iemann-{H}ilbert Nonlinearisation},
  year = {2003},
  journal = {J. Nonlinear Math. Phys.},
  volume = {10},
  issue = {1},
  pages = {47--61},
}

@article{Fok2003b,
  author = {A. S. Fokas},
  title = {The {D}avey-{S}tewartson {I} equation on the quarter plane with homogeneous {D}irichlet boundary conditions},
  year = {2003},
  journal = {J. Math. Phys.},
  volume = {44},
  issue = {8},
  pages = {3226--3244},
}

@article{Fok2004a,
  author = {A. S. Fokas},
  title = {Linearizable initial boundary value problems for the sine-{G}ordon equation on the half-line},
  year = {2004},
  journal = {Nonlinearity},
  volume = {17},
  number = {4},
  pages = {1521--1534},
}

@article{Fok2004b,
  author = {A. S. Fokas},
  title = {Boundary-value problems for linear {PDE}s with variable coefficients},
  year = {2004},
  journal = {Proc. R. Soc. Lond. Ser. A Math. Phys. Eng. Sci.},
  volume = {460},
  pages = {1131--1151},
}

@article{Fok2005a,
  author = {A. S. Fokas},
  title = {The generalized {D}irichlet-to-{N}eumann map for certain nonlinear evolution {PDE}s},
  year = {2005},
  journal = {Comm. Pure Appl. Math.},
  volume = {58},
  issue = {5},
  pages = {639--670},
}

@article{Fok2006a,
  author = {A. S. Fokas},
  title = {Integrable Nonlinear Evolution Partial Differential Equations in 4+2 and 3+1 Dimensions},
  year = {2006},
  journal = {Phys. Rev. Lett.},
  volume = {96},
  number = {19},
  pages = {1--4},
}

@incollection{Fok2007a,
  author = {A. S. Fokas},
  title = {From Green to Lax via Fourier},
  year = {2007},
  pages = {87--118},
  booktitle = {Recent Advances in Nonlinear Partial Differential Equations and Applications},
  publisher = {American Mathematical Society},
  address = {Providence, Rhode Island},
}

@article{Fok2007b,
  author = {A. S. Fokas},
  title = {Nonlinear {F}ourier transforms, integrability and nonlocality in multidimensions},
  year = {2007},
  journal = {Nonlinearity},
  volume = {20},
  number = {9},
}

@book{Fok2008a,
  author = {A. S. Fokas},
  title = {A Unified Approach to Boundary Value Problems},
  year = {2008},
  publisher = {CBMS-SIAM},
}

@article{Fok2008b,
  author = {A. S. Fokas},
  title = {The {D}-bar method, inversion of certain integrals and integrability in 4 + 2 and 3 + 1 dimensions},
  year = {2008},
  journal = {J. Phys. A},
  volume = {41},
  number = {34},
}

@article{Fok2009a,
  author = {A. S. Fokas},
  title = {The Davey-Stewartson Equation on the Half-Plane},
  year = {2009},
  journal = {Comm. Math. Phys.},
  volume = {289},
  number = {3},
  pages = {957--993},
}

@article{Fok2009b,
  author = {A. S. Fokas},
  title = {Lax pairs: a novel type of separability},
  year = {2009},
  journal = {Inverse Problems},
  volume = {25},
  number = {12},
  pages = {123007},
}

@book{Fou1822a,
  author = {J. B. J. Fourier},
  title = {Th\'{e}orie analytique de la chaleur},
  year = {1822},
  publisher = {Didot},
  address = {Paris},
}

@article{FP2000a,
  author = {A. S. Fokas and Pelloni, B.},
  title = {Method for solving Moving Boundary Value Problems for Linear Evolution Equations},
  year = {2000},
  journal = {Phys. Rev. Lett.},
  volume = {84},
  number = {21},
  pages = {4785--4789},
}

@article{FP2001a,
  author = {A. S. Fokas and Pelloni, B.},
  title = {Two-point boundary value problems for linear evolution equations},
  year = {2001},
  journal = {Math. Proc. Cambridge Philos. Soc.},
  volume = {131},
  pages = {521--543},
}

@article{FP2001b,
  author = {A. S. Fokas and Pelloni, B.},
  title = {Integrable evolution equations in time-dependent domains},
  year = {2001},
  journal = {Inverse Problems},
  volume = {17},
  pages = {919--935},
}

@article{FP2005a,
  author = {A. S. Fokas and Pelloni, B.},
  title = {A transform method for linear evolution {PDE}s on a finite interval},
  year = {2005},
  journal = {IMA J. Appl. Math.},
  volume = {70},
  issue = {4},
  pages = {564--587},
}

@article{FP2005b,
  author = {A. S. Fokas and Pelloni, B.},
  title = {Boundary Value Problems for {B}oussinesq Type Systems},
  year = {2005},
  journal = {Math. Phys. Anal. Geom.},
  volume = {8},
  number = {1},
  pages = {59--96},
}

@article{FP2006a,
  author = {A. S. Fokas and D. A. Pinotsis},
  title = {The {D}bar formalism for certain linear non-homogeneous elliptic {PDE}s in two dimensions},
  year = {2006},
  journal = {European J. Appl. Math.},
  volume = {17},
  issue = {3},
  pages = {323--346},
}

@article{FP2007a,
  author = {A. S. Fokas and Pelloni, B.},
  title = {Generalized {D}irichlet to {N}eumann map for moving initial-boundary 	value problems},
  year = {2007},
  journal = {J. Math. Phys.},
  volume = {48},
  issue = {1},
}

@article{FP2007b,
  author = {A. S. Fokas and D. A. Pinotsis},
  title = {Quaternions, evaluation of integrals and boundary value problems},
  year = {2007},
  journal = {Comput. Methods Funct. Theory},
  volume = {7},
  number = {2},
  pages = {443--476},
}

@unpublished{FP2009a,
  author = {A. S. Fokas and Pelloni, B.},
  title = {Boundary value problems for the elliptic sine-{G}ordon equation in a semi-strip},
  year = {2009},
}

@article{FP2012a,
  author = {A. S. Fokas and Pelloni, B.},
  title = {Generalised {D}irichlet-to-{N}eumann map in time-dependent domains},
  year = {2012},
  journal = {Stud. Appl. Math.},
  volume = {129},
  number = {1},
  pages = {51--90},
}

@article{FP2012b,
  author = {A. S. Fokas and Pelloni, B.},
  title = {The {D}irichlet-to-{N}eumann map for the elliptic sine-{G}ordon equation},
  year = {2012},
  journal = {Nonlinearity},
  volume = {25},
  number = {4},
  pages = {1011},
}

@inproceedings{FPSS2007a,
  author = {S. R. Fulton and E. P. Papadopoulou and Y. G. Saridakis and A. G. Sifalakis},
  title = {On the Iterative Analysis of the Generalized {D}irichlet-{N}eumann Map for Elliptic {PDE}s
Dirichlet-Neumann Map for Elliptic PDEs},
  year = {2007},
  pages = {130--133},
  booktitle = {CONFERENCE IN NUMERICAL ANALYSIS (NumAn 2007) RECENT APPROACHES TO NUMERICAL ANALYSIS: THEORY, METHODS AND APPLICATIONS {S}eptember 3-7, 2007 {K}alamata, {H}ellas},
  publisher = {Unknown Publisher},
}

@article{FPSS2009a,
  author = {S. R. Fulton and E. P. Papadopoulou and Y. G. Saridakis and A. G. Sifalakis},
  title = {Direct and iterative solution of the generalized {D}irichlet-{N}eumann map for elliptic {PDE}s on square domains},
  year = {2009},
  journal = {J. Comput. Appl. Math.},
  volume = {227},
  issue = {1},
  pages = {171--184},
}

@article{Fre2012a,
  author = {G. Freiling},
  title = {Irregular boundary value problems},
  year = {2012},
  journal = {Results Math.},
  volume = {62},
  issue = {3},
  pages = {265--294},
}

@article{FRS2005a,
  author = {A. S. Fokas and C. Rogers and W. K. Schief},
  title = {Evolution of methacrylate distribution during wood saturation},
  year = {2005},
  journal = {Appl. Math. Lett.},
  volume = {18},
  issue = {3},
  pages = {321--328},
}

@inproceedings{FS1991a,
  author = {D. A. Forbes and J. Spence},
  title = {An experiment in assessment for a large group},
  year = {1991},
  pages = {97--101},
  booktitle = {Innovative teaching in Engineering},
  publisher = {Ellis Horwood},
  address = {Chichester, West Sussex, England},
}

@unpublished{FS1999a,
  author = {A. S. Fokas and L. Y. Sung},
  title = {Initial-Boundary Value Problems for Linear Dispersive Evolution Equations on the Half-Line},
  year = {1999},
  note = {(unpublished)},
}

@article{FS2003a,
  author = {A. S. Fokas and P. F. Schultz},
  title = {Long-time asymptotics of moving boundary problems using an {E}hrenpreis-type representation and its {R}iemann-{H}ilbert nonlinearization},
  year = {2003},
  journal = {Comm. Pure Appl. Math.},
  volume = {56},
  issue = {4},
  pages = {517--548},
}

@article{FS2005a,
  author = {A. S. Fokas and L. Y. Sung},
  title = {Generalised {F}ourier Transforms, their Nonlinearisation and the Imaging of the Brain},
  year = {2005},
  journal = {Notices Amer. Math. Soc.},
  volume = {52},
  number = {10},
  pages = {1178--1192},
}

@incollection{FS2009a,
  author = {A. S. Fokas and E. A. Spence},
  title = {Novel Analytical and Numerical Methods for Elliptic Boundary Value Problems},
  year = {2009},
  pages = {194--226},
  booktitle = {Highly Oscillatory Problems},
  publisher = {Cambridge University Press},
}

@article{FS2010a,
  author = {A. S. Fokas and E. A. Spence},
  title = {A new transform method {I}: domain-dependent fundamental solutions and integral representations},
  year = {2010},
  journal = {Proc. R. Soc. Lond. Ser. A Math. Phys. Eng. Sci.},
  volume = {466},
  number = {2120},
  pages = {2259--2281},
}

@article{FS2010b,
  author = {A. S. Fokas and E. A. Spence},
  title = {A new transform method {II}: the global relation and boundary-value problems in polar coordinates},
  year = {2010},
  journal = {Proc. R. Soc. Lond. Ser. A Math. Phys. Eng. Sci.},
  volume = {466},
  number = {2120},
  pages = {2283--2307},
}

@article{FS2012a,
  author = {A. S. Fokas and E. A. Spence},
  title = {Synthesis, as opposed to separation, of variables},
  year = {2012},
  journal = {SIAM Rev.},
  volume = {54},
  number = {2},
  pages = {291--324},
}

@unpublished{FS2012b,
  author = {A. S. Fokas and S. A. Smitheman},
  title = {The {F}ourier transforms of the {C}hebyshev and {L}egendre polynomials},
  year = {2012},
}

@article{FS2016a,
  author = {A. S. Fokas and Smith, D. A.},
  title = {Evolution {P}{D}{E}s and augmented eigenfunctions. {F}inite interval},
  journal = {Adv. Differential Equations},
  year = {2016},
  volume = {21},
  number = {7/8},
  pages = {735--766},
}

@article{FSS2010a,
  author = {A. S. Fokas and S. A. Smitheman and E. A. Spence},
  title = {A spectral collocation method for the {L}aplace and modified {H}elmholtz equations in a convex polygon},
  year = {2010},
  journal = {IMA J. Numer. Anal.},
  volume = {30},
  issue = {1},
  pages = {1184--1205},
}

@book{FT1987a,
  author = {L. D. Faddeev and L. A. Takhtajan},
  title = {Hamiltonian methods in the theory of solitons},
  year = {1987},
  series = {Classics in Mathematics},
  publisher = {Springer},
}

@article{FT2004a,
  author = {A. S. Fokas and P. A. Treharne},
  title = {Boundary value problems for systems of linear evolution equations},
  year = {2004},
  journal = {IMA J. Appl. Math.},
  volume = {69},
  issue = {6},
  pages = {539--555},
}

@article{FT2007a,
  author = {A. S. Fokas and P. A. Treharne},
  title = {Initial-boundary value problems for linear {PDE}s with variable coefficients},
  year = {2007},
  journal = {Math. Proc. Cambridge Philos. Soc.},
  volume = {143},
  issue = {1},
  pages = {221--242},
}

@article{FT2008a,
  author = {A. S. Fokas and P. A. Treharne},
  title = {The Generalized {D}irichlet to {N}eumann Map for the {KdV} Equation on the Half-Line},
  year = {2008},
  journal = {J. Nonlinear Sci.},
  volume = {18},
  number = {2},
  pages = {191--217},
}

@unpublished{FX2012a,
  author = {E. Fan and J. Xu},
  title = {The derivative nonlinear {S}chrodinger equation on the interval},
  year = {2012},
}

@unpublished{FX2013a,
  author = {E. Fan and J. Xu},
  title = {The unified method for the three-wave equation on the half-line},
  year = {2013},
}

@unpublished{FX2013b,
  author = {E. Fan and J. Xu},
  title = {The {F}okas method to the {S}asa-{S}atsuma equation on the half-line},
  year = {2013},
}

@article{FX2014a,
  author = {E. Fan and J. Xu},
  title = {A {R}iemann-{H}ilbert approach to the initial-boundary problem for derivative nonlinear {S}chrodinger equation},
  year = {2014},
  journal = {Acta Math. Sci. Ser. B Engl. Ed.},
  volume = {34},
  issue = {4},
  pages = {973--994},
}

@unpublished{FY2010a,
  author = {A. S. Fokas and D. Yang},
  title = {A Novel Approach to Elastodynamics: {I}. The Two-Dimensional Case},
  year = {2010},
  note = {(preprint)},
}

@unpublished{FY2010b,
  author = {A. S. Fokas and D. Yang},
  title = {A Novel Approach to Elastodynamics: {II}. The Three-Dimensional Case},
  year = {2010},
  note = {(preprint)},
}

@proceedings{FZ1993a,
  author = {A. S. Fokas and V. E. Zakharov},
  title = {Important Developments in Soliton Theory},
  year = {1993},
  publisher = {Springer},
}

@article{FZ2002a,
  author = {A. S. Fokas and M. Zyskin},
  title = {The Fundamental Differential Form and Boundary‚ÄêValue Problems},
  year = {2002},
  journal = {J. Math. Pures Appl.},
  volume = {55},
  issue = {3},
  pages = {457--479},
}

@misc{Gar2007a,
  author = {P. Garrett},
  title = {Abstract algebra},
  year = {2007},
  note = {Course Notes},
}

@article{GGKM1967a,
  author = {C. S. Gardner and J. M. Greene and M. D. Kruksal and R. M. Miura},
  title = {Method for solving the {K}orteweg-de {V}ries equation},
  year = {1967},
  journal = {Phys. Rev. Lett.},
  volume = {19},
  issue = {19},
  pages = {1095--1097},
}

@article{GGKM1974a,
  author = {C. S. Gardner and J. M. Greene and M. D. Kruksal and R. M. Miura},
  title = {Korteweg-de {V}ries equation and Generalizations. {VI}. {M}ethods for Exact Solution},
  year = {1974},
  journal = {Comm. Pure Appl. Math.},
  volume = {27},
  issue = {1},
  pages = {97--133},
}

@book{GGV1966a,
  author = {I. M. Gel'fand and M. I. Graev and N. Ya. Vilenkin},
  title = {Generalized functions volume 5: integral geometry and representation theory},
  year = {1966},
  publisher = {Academic Press},
  note = {Trans. E. J. Saletan from Russian (1962)},
}

@book{GH1974a,
  author = {H. B. Griffiths and A. G. Howson},
  title = {Mathematics: society and curricula},
  year = {1974},
  publisher = {Cambridge University Press},
}

@article{GHRV2009a,
  author = {B. Grammaticos and R. G. Halburd and A. Ramani and C-M. Viallet},
  title = {How to detect the integrability of discrete systems},
  year = {2009},
  journal = {J. Phys. A},
  volume = {42},
  number = {45},
  pages = {454002},
}

@incollection{Gib2006a,
  author = {G. Gibbs},
  title = {How assessment frames student learning},
  year = {2006},
  pages = {23--35},
  booktitle = {Innovative assessment in higher education},
  publisher = {Routledge},
  address = {London},
}

@article{GLP1997a,
  author = {G. Gripenberg and S-O. Londen and J. Pr\"{u}ss},
  title = {On a fractional partial differential equation with dominating linear part},
  year = {1997},
  journal = {Math. Methods Appl. Sci.},
  volume = {20},
  issue = {16},
  pages = {1427--1448},
}

@article{GMMP1996a,
  author = {P. G\'{e}rard and P. A. Markowich and N. J. Mauser and F. Poupaud},
  title = {Homogenization limits and {W}igner transforms},
  year = {1996},
  journal = {Comm. Pure Appl. Math.},
  volume = {50},
  issue = {4},
  pages = {323--379},
}

@article{Gou1898,
  author = {E. Goursat},
  title = {Sur l'existence des fonctionne in\'{e}grales d'un syst\`{e}me d'\'{e}quations aux d\'{e}riv\'{e}es partielles},
  year = {1898},
  journal = {Bull. Soc. Math. France},
  volume = {26},
  pages = {129--134},
}

@article{Gou1968a,
  author = {G. G. Gould},
  title = {The spectral representation of normal operators on a rigged {H}ilbert space},
  year = {1968},
  journal = {J. Lond. Math. Soc.},
  volume = {43},
  pages = {745--754},
}

@book{Gre1828a,
  author = {G. Green},
  title = {An Essay on the Application of Mathematical Analysis to the Theories of Electricity and Magnetism},
  year = {1828},
  publisher = {{T}. {W}heelhouse},
  address = {Nottingham},
}

@book{Gre1967a,
  author = {J. Greever},
  title = {Theory and Examples of Point-Set Topology},
  year = {1967},
  publisher = {Brookes/Cole},
  address = {Belmont, California},
}

@book{GS1964a,
  author = {I. M. Gel'fand and G. E. Shilov},
  title = {Generalized functions volume 1: properties and operations},
  year = {1964},
  publisher = {Academic Press},
}

@book{GS1967a,
  author = {I. M. Gel'fand and G. E. Shilov},
  title = {Generalized functions volume 3: theory of differential equations},
  year = {1967},
  publisher = {Academic Press},
  note = {Trans. M. E. Mayer from Russian (1958)},
}

@book{GS1968a,
  author = {I. M. Gel'fand and G. E. Shilov},
  title = {Generalized functions volume 2: spaces of fundamental and generalized functions},
  year = {1968},
  publisher = {Academic Press},
}

@misc{GS2010a,
  author = {V. Guillemin and S. Sternberg},
  title = {Semi-classical analysis},
  year = {2010},
  note = {preprint of a book},
}

@article{GT2009a,
  author = {K. Grunert and G. Teschl},
  title = {Long-time asymptotics for the {K}orteweg-de {V}ries Equation via non-linear steepest descent},
  year = {2009},
  journal = {Math. Phys. Anal. Geom.},
  volume = {12},
  issue = {3},
  pages = {287--324},
}

@article{GTW1998a,
  author = {C. Good and I. J. Tree and W. S. Watson},
  title = {On {S}tone's Theorem and the Axiom of Choice},
  year = {1998},
  journal = {Proc. Amer. Math. Soc.},
  volume = {126},
  number = {4},
  pages = {1211--1218},
}

@book{GV1964a,
  author = {I. M. Gel'fand and N. Ya. Vilenkin},
  title = {Generalized functions volume 4: applications of harmonic analysis},
  year = {1964},
  publisher = {Academic Press},
  note = {Trans. A. Feinstein from Russian (1961)},
}

@book{Had1923a,
  author = {J. Hadamard},
  title = {Lectures on {C}auchy's Problem in Linear Partial Differential Equations},
  year = {1923},
  publisher = {Yale University},
  address = {New York},
}

@article{He1999a,
  author = {J-H. He},
  title = {Approximate analytical solution for seepage flow with fractional derivatives in porous media},
  year = {1999},
  journal = {Comput. Methods Appl. Mech. Engrg.},
  volume = {167},
  issue = {1},
  pages = {57--68},
}

@book{Hey2000a,
  author = {J. Heywood},
  title = {Assessment in higher education: student learning, teaching, programmes and institutions},
  year = {2000},
  publisher = {Jessica Kingsley Publishers},
}

@article{Hie2004a,
  author = {J. Hietarinta},
  title = {A new two-dimensional lattice model that is 'consistent around a cube'},
  year = {2004},
  journal = {J. Phys. A},
  volume = {37},
  number = {6},
  pages = {67},
}

@incollection{Hil2008a,
  author = {R. Hilfer},
  title = {Threefold introduction to fractional derivatives},
  year = {2008},
  booktitle = {Anomalous transport foundations and applications},
  publisher = {Wiley-Interscience},
}

@article{HK2010a,
  author = {N. Hayashi and E. I. Kaikina},
  title = {Benjami-{O}no equation on a half-line},
  year = {2010},
  journal = {Int. J. Math. Math. Sci.},
  volume = {2010},
  pages = {714534},
}

@article{HK2012a,
  author = {N. Hayashi and E. I. Kaikina},
  title = {Neumann initial-boundary value equation for {B}enamin-{O}no equation},
  year = {2012},
  journal = {J. Differential Equations},
  volume = {252},
  issue = {5},
  pages = {3520--3540},
}

@article{HKZ2003a,
  author = {N. Hayashi and E. I. Kaikina and J. L. G. Zavala},
  title = {On the boundary‚Äêvalue problem for the {K}orteweg-de {V}ries equation},
  year = {2003},
  journal = {Proc. R. Soc. Lond. Ser. A Math. Phys. Eng. Sci.},
  volume = {459},
  number = {2039},
  pages = {2861--2884},
}

@article{HL2007a,
  author = {C. Hazard and F. Loret},
  title = {Generalized eigenfunction expansions for conservative scattering problems with an application to water waves},
  year = {2007},
  journal = {Proc. Roy. Soc. Edinburgh Sect. A},
  volume = {137},
  issue = {5},
  pages = {995--1035},
}

@inbook{HLP1934a,
  author = {G. H. Hardy and J. E. Littlewood and G. P\'{o}lya},
  title = {Inequalities},
  year = {1934},
  pages = {31},
  publisher = {Cambridge University Press},
}

@unpublished{Hoe2010a,
  author = {M. A. Hoefer},
  title = {Dispersive shock waves in the hard core boson model},
  year = {2010},
  note = {private communication},
}

@article{Hol2005a,
  author = {J. Holmer},
  title = {The initial-boundary value problem for the 1d nonlinear {S}chroedinger equation on the half-line},
  year = {2005},
  journal = {Differential Integral Equations},
  volume = {18},
  pages = {647--668},
}

@article{Hol2006a,
  author = {J. Holmer},
  title = {The initial-boundary value problem for the {K}orteweg-de {V}ries equation},
  year = {2006},
  journal = {Comm. Partial Differential Equations},
  volume = {31},
  issue = {8},
  pages = {1151--1191},
}

@article{Hop1919a,
  author = {J. W. Hopkins},
  title = {Some convergent developments associated with irregular boundary conditions},
  year = {1919},
  journal = {Trans. Amer. Math. Soc.},
  volume = {20},
  issue = {3},
  pages = {245--259},
}

@book{Hor1966a,
  author = {J. Horv\'{a}th},
  title = {Topological Vector Spaces and Distributions},
  year = {1966},
  publisher = {Addison-Wesley},
  address = {Reading, Massachusetts},
}

@book{Hor1976a,
  author = {L. H\"{o}rmander},
  title = {Linear partial differential operators},
  year = {1976},
  publisher = {Springer},
}

@book{Hor1983a,
  author = {L. H\"{o}rmander},
  title = {The analysis of linear partial differential operators {I}: distribution theory and {F}ourier analysis},
  year = {1983},
  publisher = {Springer},
}

@book{Hor1983b,
  author = {L. H\"{o}rmander},
  title = {The analysis of linear partial differential operators {I}{I}: differential operators with constant coefficients},
  year = {1983},
  publisher = {Springer},
}

@book{Hor1994a,
  author = {L. H\"{o}rmander},
  title = {The analysis of linear partial differential operators {I}{I}{I}: pseudo-differential operators},
  year = {1994},
  publisher = {Springer},
}

@book{Hor1994b,
  author = {L. H\"{o}rmander},
  title = {The analysis of linear partial differential operators {I}{I}{I}{I}: {F}ourier integral operators},
  year = {1994},
  publisher = {Springer},
}

@article{HT2009a,
  author = {I. Hitzazis and D. Tsoubelis},
  title = {{R}iemann-{H}ilbert formulation for the {KdV} equation on a finite interval},
  year = {2009},
  journal = {C. R. Math. Acad. Sci. Paris},
  volume = {347},
  issue = {5},
  pages = {261--166},
}

@article{HT2010a,
  author = {I. Hitzazis and D. Tsoubelis},
  title = {The {K}orteweg-de {V}ries equation on the interval},
  year = {2010},
  journal = {J. Math. Phys.},
  volume = {51},
  issue = {8},
  pages = {83520},
}

@article{Hua2013a,
  author = {M. H. Huang},
  title = {A note for the {F}okas transform method},
  year = {2013},
  journal = {Adv. Math. (China)},
  volume = {42},
  issue = {2},
  pages = {187--198},
}

@unpublished{Hun1996a,
  author = {J. K. Hunter},
  title = {Nonlinear evolution equations},
  year = {1996},
  note = {Lecture notes},
}

@phdthesis{Huy2006a,
  author = {D. Huybrechs},
  title = {Multiscale and hybrid methods for the solution of oscillatory integral equations},
  year = {2006},
  school = {K. U. Leuven},
}

@book{HY1961a,
  author = {J. G. Hocking and G. S. Young},
  title = {Topology},
  year = {1961},
  publisher = {Addison-Wesley},
  address = {Reading, Massachusetts},
}

@article{HZ2011a,
  author = {M. H. Huang and Y. Q. Zhao},
  title = {High-frequency asymptotics for the modified Helmholtz equation in a quarter-plane},
  year = {2011},
  journal = {Appl. Anal.},
  volume = {90},
  issue = {12},
  pages = {1927--1938},
}

@article{Iga1974a,
  author = {K. Igari},
  title = {Well-posedness of the {C}auchy problem for some evolution equations},
  year = {1974},
  journal = {Publ. RIMS, Kyoto Univ.},
  volume = {9},
  issue = {3},
  pages = {613--629},
}

@article{IIK2011a,
  author = {E. Its and A. R. Its and J. Kaplunov},
  title = {{R}iemann-{H}ilbert Approach to the Elastodynamic Equation: Part {I}},
  year = {2011},
  journal = {Lett. Math. Phys.},
  volume = {96},
  number = {1},
  pages = {53--83},
}

@article{IK2007a,
  author = {A. D. Ionescu and C. E. Kenig},
  title = {Global well-posedness of the {B}enjamin-{O}no equation in low-regularity spaces},
  year = {2007},
  journal = {J. Amer. Math. Soc.},
  volume = {20},
  pages = {753--798},
}

@article{IS2012a,
  author = {A. R. Its and D. Shepelsky},
  title = {Initial boundary value problem for the focusing {NLS} equation with {R}obin boundary condition: half-line approach},
  year = {2012},
  journal = {Proc. R. Soc. Lond. Ser. A Math. Phys. Eng. Sci.},
  volume = {469},
  number = {2149},
  pages = {20120199},
}

@article{Its2003a,
  author = {A. R. Its},
  title = {The {R}iemann-{H}ilbert problem and integrable systems},
  year = {2003},
  journal = {Notices Amer. Math. Soc.},
  volume = {50},
  number = {11},
  pages = {1389--1400},
}

@article{Jac1915a,
  author = {D. Jackson},
  title = {Expansion problems with irregular boundary conditions},
  year = {1915},
  journal = {Proc. Amer. Acad. Arts Sci.},
  volume = {51},
  number = {7},
  pages = {383--417},
}

@article{Jac2006a,
  author = {B. Jackson},
  title = {Partial dynamic equations on time scales},
  year = {2006},
  journal = {J. Comput. Appl. Math.},
  volume = {186},
  number = {2},
  pages = {391--415},
}

@misc{JL2012a,
  author = {S. Joshi and I. Lizarraga},
  title = {Semigroups of operators},
  year = {2012},
}

@book{Joh1981a,
  author = {P. J. Johnstone},
  title = {Stone Spaces},
  year = {1981},
  series = {Cambridge Studies in Advanced Mathematics},
  publisher = {Cambridge University Press},
}

@article{Joh1983a,
  author = {P. J. Johnstone},
  title = {The Point of Pointless Topology},
  year = {1983},
  journal = {Bull. Amer. Math. Soc.},
  volume = {8},
  number = {1},
  pages = {41--53},
}

@article{JRR1995a,
  author = {J. Johnson and G. M. Reinhart and L. A. Rubel},
  title = {Some counterexamples to Separation of Variables},
  year = {1995},
  journal = {J. Differential Equations},
  volume = {121},
  pages = {42--46},
}

@unpublished{JRZ2014a,
  author = {C. Jia and I. Rivas and B. Y. Zhang},
  title = {Lower regularity solutions of a class of non-homogeneous boundary value problems of the {K}orteweg-de {V}ries equation on a finite domain},
  year = {2014},
}

@phdthesis{Kal2010a,
  author = {K. Kalimeris},
  title = {Initial and boundary value problems in two and three dimensions},
  year = {2010},
  school = {University of Cambridge},
}

@article{Kal2010b,
  author = {K. Kalimeris},
  title = {Explicit soliton asymptotics for the nonlinear {S}chr\"{o}dinger equation on the half line},
  year = {2010},
  journal = {Bull. Soc. Math. France},
  volume = {17},
  issue = {4},
  pages = {445--452},
}

@article{Kam1996a,
  author = {S. Kamvissis},
  title = {Long time behavior for the focusing nonlinear {S}chroedinger equation with real spectral singularities},
  year = {1996},
  journal = {Comm. Math. Phys.},
  volume = {180},
  number = {2},
  pages = {325--341},
}

@article{Kam2003a,
  author = {S. Kamvissis},
  title = {Semiclassical nonlinear {S}chr\"{o}dinger on the half line},
  year = {2003},
  journal = {J. Math. Phys.},
  volume = {44},
  number = {12},
  pages = {5849--5868},
}

@unpublished{Kam2007a,
  author = {S. Kamvissis},
  title = {Asymptotic study of a nonlocal {R}iemann-{H}ilbert problem},
  year = {2007},
  howpublished = {Kamvissis emailed me this when he was considering inviting me to be his postdoc, July 2011},
  note = {(private communication)},
}

@incollection{Kam2008a,
  author = {S. Kamvissis},
  title = {From stationary phase to steepest descent},
  year = {2008},
  booktitle = {Contemporary mathematics 458: Integrable systems and random matrices},
  publisher = {American Mathematical Society},
  address = {Providence, Rhode Island},
}

@book{Kan1971a,
  author = {R. P. Kanwal},
  title = {Linear integral equations: theory and techniques},
  year = {1971},
  publisher = {Academic Press},
}

@mastersthesis{Kar1998a,
  author = {S. Karigiannis},
  title = {The inverse scattering transform and integrability of nonlinear evolution equations},
  year = {1998},
}

@book{Kat1980a,
  author = {T. Kato},
  title = {Perturbation theory for linear operators},
  year = {1980},
  series = {Classics in Mathematics},
  publisher = {Springer},
}

@article{Kau1980a,
  author = {D. J. Kaup},
  title = {On the inverse scattering problem for cubic eigenvalue problems of the class \Psi_{xxx} + 6Q\Psi_x + 6R\Psi = \lambda\Psi},
  year = {1980},
  journal = {Stud. Appl. Math.},
  volume = {62},
  pages = {189},
}

@article{KE2003a,
  author = {S. M. El-Sayed and D. Kaya},
  title = {On a generalized fifth order {K}d{V} equations},
  year = {2003},
  journal = {Phys. Lett. A},
  volume = {310},
  issue = {1},
  pages = {44--51},
}

@article{Kel1950a,
  author = {J. L. Kelley},
  title = {The {T}ychonoff product theorem implies the axiom of choice},
  year = {1950},
  journal = {Fund. Math.},
  volume = {37},
  pages = {75--76},
}

@book{Kel1955a,
  author = {J. L. Kelley},
  title = {General Topology},
  year = {1955},
  publisher = {D. van Nostrand},
  address = {Princeton, New Jersey},
}

@article{Kim2006a,
  author = {J. U. Kim},
  title = {A one-dimensional wave equation with white noise boundary condition},
  year = {2006},
  journal = {Appl. Math. Optim.},
  volume = {14},
  number = {2},
  pages = {237--261},
}

@article{Kim2006b,
  author = {J. U. Kim},
  title = {Invariant measures for a stochastic nonlinear {S}chr\"{o}dinger equation},
  year = {2006},
  journal = {Indiana Univ. math. J.},
  volume = {55},
  number = {2},
  pages = {687--718},
}

@article{Kim2006c,
  author = {J. U. Kim},
  title = {On the stochastic {B}enjamin-{O}no equation},
  year = {2006},
  journal = {J. Differential Equations},
  volume = {228},
  number = {2},
  pages = {737--768},
}

@book{KL1992a,
  author = {K. F. Klopfenstein and J. Locker},
  title = {Analytic trigonometry},
  year = {1992},
  publisher = {Davies Group},
  address = {The Delta Press, Aurora CO},
}

@article{KM1996a,
  author = {A. Kalish and J. Middendorf},
  title = {The ``change-up'' in lectures},
  year = {1996},
  journal = {The National Teaching &amp; Learning Forum},
  volume = {5},
  number = {2},
  pages = {1--7},
}

@incollection{KM1999a,
  author = {T. Koetsier and J. Mill},
  title = {By their fruits ye shall know them: Some remarks on the interaction of general topology with other areas of mathematics},
  year = {1999},
  booktitle = {History of Topology},
  publisher = {Elsevier},
}

@book{KMM2003a,
  author = {S. Kamvissis and K. D. T.-R. McLaughlin and P. D. Miller},
  title = {Semiclassical soliton ensembles for the focusing nonlinear {S}chr\"{o}dinger equation},
  year = {2003},
  number = {154},
  series = {Annals of Mathematics Studies},
  publisher = {Princeton University Press},
  address = {New Jersey},
}

@book{Knu1986a,
  author = {D. E. Knuth},
  title = {The TeXbook},
  year = {1986},
  publisher = {Addison-Wesley},
  address = {Reading, Massachusetts},
}

@article{KO2012a,
  author = {S. Kwon and T. Oh},
  title = {On unconditional well-posedness of modified {K}d{V}},
  year = {2012},
  journal = {Int. Math. Res. Not.},
  volume = {2012},
  issue = {15},
  pages = {3509--3534},
}

@unpublished{KO2013a,
  author = {M.-H. Kim and H.-C. O},
  title = {Explicit representation of {G}reen's function for linear fractional differential operator with variable coefficients},
  year = {2013},
  note = { submitted for review},
}

@book{Kol1984a,
  author = {D. A. Kolb},
  title = {Experiential learning: experience as the source of learning and development},
  year = {1984},
  publisher = {Prentice-Hall},
  address = {Englewood Cliffs, New Jersey},
}

@article{Kow1875a,
  author = {S. Kowalevsky},
  title = {Zur theorie der partiellen Differentialgleichungen},
  year = {1875},
  journal = {J. Reine Angew. Math.},
  volume = {1875},
  number = {80},
  pages = {1--32},
}

@article{KP2009a,
  author = {A. N. Kandili and T. S. Papatheodorou},
  title = {Novel numerical techniques based on {F}okas transforms, for the solution of initial boundary value problems},
  year = {2009},
  journal = {J. Comput. Appl. Math.},
  volume = {227},
  issue = {1},
  pages = {75--82},
}

@article{KPV1991a,
  author = {C. E. Kenig and G. Ponce and L. Vega},
  title = {Well-posedness of the initial value problem for the {K}orteweg-de {V}ries equation},
  year = {1991},
  journal = {J. Amer. Math. Soc.},
  volume = {4},
  number = {2},
  pages = {323--347},
}

@article{KPV1993b,
  author = {C. E. Kenig and G. Ponce and L. Vega},
  title = {Well-posedness and scattering results for the generalized {K}orteweg-de {V}ries equation via the contraction principle},
  year = {1993},
  journal = {Comm. Pure Appl. Math.},
  volume = {46},
  issue = {4},
  pages = {527--620},
}

@article{KR2005a,
  author = {S. Kamvissis and E. A. Rakhmanov},
  title = {Existence and regularity for an energy maximization problem in two dimensions},
  year = {2005},
  journal = {J. Math. Phys.},
  volume = {46},
  issue = {8},
  pages = {83505},
}

@book{Kra1999a,
  author = {S. G. Krantz},
  title = {How to teach mathematics},
  year = {1999},
  publisher = {American Mathematical Society},
  address = {Providence, Rhode Island},
}

@article{KS1999a,
  author = {D. J. Kaup and H. Steudel},
  title = {Inverse scattering transform on a finite interval},
  year = {1999},
  journal = {J. Phys. A},
  volume = {32},
  number = {34},
  pages = {6219--6231},
}

@book{KST2006a,
  author = {A. A. Kilbas and H. M. Srivastava and J. J. Trujillo},
  title = {Theory and applications of fractional differential equations},
  year = {2006},
  volume = {204},
  series = {North-Holland Mathematics Studies},
  publisher = {Elsevier},
}

@article{KT2009a,
  author = {H. Kr\"{u}ger and G. Teschl},
  title = {Long-time asymptotics of the {T}oda lattice for decaying initial data revisited},
  year = {2009},
  journal = {Rev. Math. Phys.},
  volume = {21},
  issue = {1},
  pages = {61},
}

@article{Kun2010a,
  author = {A. Kundu},
  title = {Two-fold integrable hierarchy of nonholonomic deformation of the derivative nonlinear {S}chr\"{o}dinger and the {L}enells-{F}okas equation},
  year = {2010},
  journal = {J. Math. Phys.},
  volume = {51},
  issue = {2},
  pages = {22901},
}

@incollection{Lag1867a,
  author = {J. L. Lagrange},
  title = {Recherches sur la nature, et la propogation du son},
  year = {1867},
  booktitle = {Oeuvres},
  publisher = {Gauthier-Villars},
  address = {Paris},
}

@article{Lan1929a,
  author = {R. E. Langer},
  title = {The Asymptotic Location of the Roots of a Certain Transcendental Equation},
  year = {1929},
  journal = {Trans. Amer. Math. Soc.},
  volume = {31},
  number = {4},
  pages = {837--844},
}

@article{Lan1929b,
  author = {R. E. Langer},
  title = {The expansion problem in the theory of ordinary linear differential systems of the second order},
  year = {1929},
  journal = {Trans. Amer. Math. Soc.},
  volume = {31},
  number = {4},
  pages = {868--906},
}

@article{Lan1931a,
  author = {R. E. Langer},
  title = {The Zeros of Exponential Sums and Integrals},
  year = {1931},
  journal = {Bull. Amer. Math. Soc.},
  volume = {37},
  pages = {213--239},
}

@incollection{Lap1810a,
  author = {P. S. Laplace},
  title = {M\'{e}moire sur les int\'{e}grales d\'{e}finies et leur application aux probabilit\'{e}s},
  year = {1810},
  booktitle = {Oeuvres Compl\'{e}tes de {L}aplace},
  publisher = {Gauthier-Villars},
  address = {Paris},
}

@book{Law1989a,
  author = {D. F. Lawden},
  title = {Elliptic functions and applications},
  year = {1989},
  publisher = {Springer},
}

@article{Lax1968a,
  author = {P. D. Lax},
  title = {Integrals of Nonlinear Equations of Evolution and Solitary Waves},
  year = {1968},
  journal = {Comm. Pure Appl. Math.},
  volume = {21},
  issue = {5},
  pages = {467--490},
}

@inbook{Len1979a,
  author = {H. W. Lenstra},
  title = {Vanishing sums of roots of unity},
  year = {1979},
  pages = {249--268},
  booktitle = {Proceedings bicentennial congress Wiskundig Genootschap, Math. Centre Tracts 100 /101, Mathematisch Centrum Amsterdam},
  publisher = {Mathematisch Centrum},
}

@article{Len2008a,
  author = {J. Lenells},
  title = {The derivative nonlinear {S}chr\"{o}dinger equation on the half-line},
  year = {2008},
  journal = {Phys. D},
  volume = {237},
  issue = {23},
  pages = {3008--3019},
}

@article{Len2011a,
  author = {J. Lenells},
  title = {The solution of the global relation for the derivative nonlinear {S}chr\"{o}dinger equation on the half-line},
  year = {2011},
  journal = {Phys. D},
  volume = {240},
  issue = {6},
  pages = {512--525},
}

@article{Len2011b,
  author = {J. Lenells},
  title = {Boundary Value Problems for the Stationary Axisymmetric {E}instein Equations: A Disk Rotating Around a Black Hole},
  year = {2011},
  journal = {Comm. Math. Phys.},
  volume = {304},
  number = {3},
  pages = {585--635},
}

@article{Len2012a,
  author = {J. Lenells},
  title = {Initial-boundary value problems for integrable evolution equations with 3$\times$3 Lax pairs},
  year = {2012},
  journal = {Phys. D},
  volume = {241},
  issue = {8},
  pages = {857--875},
}

@misc{Les2006a,
  author = {K. Le\'{s}niak},
  title = {Axiomatization of topological space in terms of the operation of boundary},
  year = {2006},
}

@book{Lev1964a,
  author = {B. Ja. Levin},
  title = {Distributions of Zeros of Entire Functions},
  year = {1964},
  volume = {5},
  series = {Translations of Mathematical Monographs},
  publisher = {American Mathematical Society},
  address = {Providence, Rhode Island},
}

@article{Lev2005a,
  author = {D. Levi},
  title = {Multiple-scale analysis of discrete nonlinear partial difference equations: the reduction of the lattice potential {K}d{V}},
  year = {2005},
  journal = {J. Phys. A},
  volume = {38},
  number = {35},
  pages = {7677--7689},
}

@article{Lio1837a,
  author = {J. Lioville},
  title = {Second M\'{e}moire sur le d\'{e}veloppement des fonctions ou parties de fonctions en s\'{e}ries dont les divers termes sont assujettis \`{a} satisfaire \`{a} une m\^{e}me \'{e}quation diff\'{e}rentielle du second ordre contenant un param\`{e}tre variable},
  year = {1837},
  journal = {J. Math. Pures Appl.},
  volume = {2},
  pages = {16--35},
}

@article{Lio1879a,
  author = {J. Lioville},
  title = {Lecons sur les fonctions doublement periodiques faites en 1847. {P}remiere partie. {T}heorie generale.},
  year = {1879},
  journal = {J. Reine Angew. Math.},
  number = {88},
  pages = {277--310},
}

@article{LL1983a,
  author = {P. D. Lax and C. D. Levermore},
  title = {The small dispersion limit of the {K}orteweg-de {V}ries equation. {I}},
  year = {1983},
  journal = {Comm. Pure Appl. Math.},
  volume = {36},
  issue = {3},
  pages = {253--290},
}

@article{LL1983b,
  author = {P. D. Lax and C. D. Levermore},
  title = {The small dispersion limit of the {K}orteweg-de {V}ries equation. {I}{I}},
  year = {1983},
  journal = {Comm. Pure Appl. Math.},
  volume = {36},
  issue = {5},
  pages = {571--593},
}

@article{LL1983c,
  author = {P. D. Lax and C. D. Levermore},
  title = {The small dispersion limit of the {K}orteweg-de {V}ries equation. {I}{I}{I}},
  year = {1983},
  journal = {Comm. Pure Appl. Math.},
  volume = {36},
  issue = {6},
  pages = {809--829},
}

@article{LL1989a,
  author = {P. Lang and J. Locker},
  title = {Spectral Theory of Two-Point Differential Operators Determined by $-{D}^2$. {I}. {S}pectral Properties},
  year = {1989},
  journal = {J. Math. Anal. Appl.},
  volume = {141},
  pages = {538--558},
}

@article{LL1990a,
  author = {P. Lang and J. Locker},
  title = {Spectral Theory of Two-Point Differential Operators Determined by $-{D}^2$. {II}. {A}nalysis of Cases},
  year = {1990},
  journal = {J. Math. Anal. Appl.},
  volume = {146},
  pages = {148--191},
}

@article{LL2000a,
  author = {T. Y. Lam and K. H. Leung},
  title = {On vanishing sums of roots of unity},
  year = {2000},
  journal = {J. Algebra},
  volume = {224},
  issue = {1},
  pages = {91--109},
}

@article{LL2012a,
  author = {C. T. Lee and C. C. Lee},
  title = {Lax pairs and {H}amiltonians for the {K}aup-{K}upershmidt-type equation},
  year = {2012},
  journal = {Phys. Scr.},
  volume = {85},
  pages = {35004--35008},
}

@article{LM2007a,
  author = {G. D. Lyng and P. D. Miller},
  title = {The {N}-soliton of the focusing nonlinear {S}chr\"{o}dinger equation for {N} large},
  year = {2007},
  journal = {Comm. Pure Appl. Math.},
  volume = {60},
  issue = {7},
  pages = {951--1026},
}

@article{Loc1973a,
  author = {J. Locker},
  title = {Self-adjointness for multi-point differential operators},
  year = {1973},
  journal = {PaciÔ¨Åc J. Math.},
  volume = {45},
  number = {2},
  pages = {561--570},
}

@book{Loc1986a,
  author = {J. Locker},
  title = {Functional analysis and two-point differential operators},
  year = {1986},
  volume = {144},
  series = {Pitman research notes in mathematical sciences},
  publisher = {Longman},
}

@book{Loc2000a,
  author = {J. Locker},
  title = {Spectral theory of Non-Self-Adjoint Two-Point Differential Operators},
  year = {2000},
  volume = {73},
  series = {Mathematical Surveys and Monographs},
  publisher = {American Mathematical Society},
  address = {Providence, Rhode Island},
}

@book{Loc2008a,
  author = {J. Locker},
  title = {Eigenvalues and Completeness for Regular and Simply Irregular Two-Point Differential Operators},
  year = {2008},
  volume = {195},
  number = {911},
  series = {Memoirs of the American Mathematical Society},
  publisher = {American Mathematical Society},
  address = {Providence, Rhode Island},
}

@article{LS2000a,
  author = {A. Laptev and I. M. Sigal},
  title = {Global {F}ourier integral operators and semiclassical asymptotics},
  year = {2000},
  journal = {Rev. Math. Phys.},
  volume = {12},
  number = {5},
  pages = {749--766},
}

@article{Mac1965a,
  author = {M. Machover},
  title = {Generalized eigenvectors and separation of variables},
  year = {1965},
  journal = {Trans. Amer. Math. Soc.},
  volume = {115},
  pages = {505--524},
}

@article{Mag2004a,
  author = {R. L. Magin},
  title = {Fractional calculus in bioengineering},
  year = {2004},
  journal = {Crit. Rev. Biomed. Eng.},
  volume = {32},
  number = {1},
  pages = {1--104},
}

@phdthesis{Man2012a,
  author = {D. Mantzavinos},
  title = {Initial-boundary value problems for linear and integrable nonlinear evolution {P}{D}{E}s},
  year = {2012},
  school = {University of Cambridge},
}

@book{Mat1984a,
  author = {Y. Matsuno},
  title = {Bilinear transformation method},
  year = {1984},
  volume = {174},
  series = {Mathematics in Science and Engineering},
  publisher = {Academic Press},
}

@inproceedings{Mat1996a,
  author = {D. Matignon},
  title = {Stability results for fractional differential equations with applications to control processing},
  year = {1996},
  pages = {963--968},
  booktitle = {Computational Engineering in Systems Applications},
  publisher = {Taylor \& Francis},
  address = {Abingdon},
}

@article{McA1956a,
  author = {L. F. McAuley},
  title = {A Relation between perfect separability, completeness and normality in semi-metric spaces},
  year = {1956},
  journal = {PaciÔ¨Åc J. Math.},
  volume = {6},
  number = {2},
  pages = {315--326},
}

@article{McC1966a,
  author = {M. C. McCord},
  title = {Singular homology groups and homotopy groups of finite topological spaces},
  year = {1966},
  journal = {Duke Math. J.},
  volume = {33},
  pages = {465--474},
}

@unpublished{Mil2012a,
  author = {P. D. Miller},
  title = {What is ... the inverse-scattering transform?},
  year = {2012},
}

@book{Mir1955a,
  author = {L. Mirsky},
  title = {An Introduction to Linear Algebra},
  year = {1955},
  publisher = {Oxford University Press},
  address = {Oxford},
}

@article{MJP2010a,
  author = {S. Jerez-Galiano and J. E. Mac\'{\i}as-D\'{\i}az and A. Puri},
  title = {Positivity-preserving methods for a linearised {F}isher-{KPP} equation with consistency properties in the energy domain},
  year = {2010},
  journal = {J. DiÔ¨Äerence Equ. Appl.},
  volume = {16},
  issue = {4},
  pages = {389--405},
}

@book{MM2003a,
  author = {M. M\"{o}ller and R. Mennicken},
  title = {Non-self-adjoint boundary eigenvalue problems},
  year = {2003},
  volume = {192},
  series = {North-Holland Mathematics Studies},
  publisher = {Elsevier},
}

@article{Mon1940a,
  author = {A. Monteiro},
  title = {Caract\'{e}risations des espaces {H}ausdorff au moyen de l'op\'{e}ration de d\'{e}reviation},
  year = {1940},
  journal = {Port. Math.},
  volume = {1},
  pages = {333--339},
}

@book{Mon1965a,
  author = {R. J. Montgomery},
  title = {Examinations: an account of their evolution as administrative devices in {E}ngland},
  year = {1965},
  publisher = {Longman},
}

@article{Moo1995a,
  author = {D. S. Moore},
  title = {The craft of teaching},
  year = {1995},
  journal = {MAA Focus},
  volume = {15},
  number = {2},
  pages = {5--8},
}

@article{Mor1973a,
  author = {C. J. Moreno},
  title = {The Zeors of Exponential polynomials ({I})},
  year = {1973},
  journal = {Compos. Math.},
  volume = {26},
  number = {1},
  pages = {69--78},
}

@article{MP1983a,
  author = {H. E. Moses and R. T. Prosser},
  title = {The {G}el'fand-{L}evitan equation on a finite interval},
  year = {1983},
  journal = {J. Math. Phys.},
  volume = {24},
  issue = {8},
  pages = {2146--2151},
}

@article{MP2006a,
  author = {M. M\"{o}ller and V. Pivorvachik},
  title = {Spectral properties of a fourth order differential equation},
  year = {2006},
  journal = {Z. Anal. Anwend.},
  volume = {25},
  pages = {341--366},
}

@article{MPS2007a,
  author = {R. Mikulevicius and H. Pragarauskas and N. Sonnadara},
  title = {On the {C}auchy-{D}irichlet problem in the half-space for parabolic {S}{P}{D}{E}s in weighted {H}oelder spaces},
  year = {2007},
  journal = {Acta Appl. Math.},
  volume = {97},
  number = {1},
  pages = {129--149},
}

@unpublished{MQ2014a,
  author = {P. D. Miller and Z. Qin},
  title = {Initial-boundary value problems for the defocussing nonlinear {S}chr\"{o}dinger equation in the semiclassical limit},
  year = {2014},
  note = { submitted for review},
}

@article{MTV1990a,
  author = {R. Meise and B. A. Taylor and D. Vogt},
  title = {Characterization of the linear partial differential operators with constant coefficients that admit a continuous linear right inverse},
  year = {1990},
  journal = {Ann. Inst. Fourier (Grenoble)},
  volume = {40},
  number = {3},
  pages = {619--655},
}

@book{Mun1975a,
  author = {J. R. Munkres},
  title = {Topology: a First Course},
  year = {1975},
  publisher = {Prentice-Hall},
  address = {Englewood Cliffs, New Jersey},
}

@article{Mus2009a,
  author = {M. Muslim},
  title = {Existence and approximation of solutions to fractional differential equations},
  year = {2009},
  journal = {Math. Comput. Modelling},
  volume = {49},
  issue = {5},
  pages = {1164--1172},
}

@article{MZ2011a,
  author = {M. M\"{o}ller and B. Zinsou},
  title = {Self-adjoint fourth order differential operators with eigenvalue parameter dependent boundary conditions},
  year = {2011},
  journal = {Quaest. Math.},
  volume = {34},
  issue = {3},
  pages = {393--406},
}

@article{MZ2012a,
  author = {M. M\"{o}ller and B. Zinsou},
  title = {Spectral asymptotics of self-adjoint fourth order boundary value problems with eigenvalue parameter dependent boundary conditions},
  year = {2012},
  journal = {Boundary Value Problems (SpringerOpen)},
  volume = {2012},
  pages = {106},
}

@article{MZ2012b,
  author = {M. M\"{o}ller and B. Zinsou},
  title = {Spectral asymptotics of self-adjoint fourth order differential operators with eigenvalue parameter dependent boundary conditions},
  year = {2012},
  journal = {Complex Anal. Oper. Theory},
  volume = {6},
  pages = {799--818},
}

@article{MZ2013a,
  author = {M. M\"{o}ller and B. Zinsou},
  title = {Asymptotics of the eigenvalues of a self-adjoint fourth order boundary value problem with four eigenvalue dependent boundary conditions},
  year = {2013},
  journal = {J. Funct. Spaces Appl.},
  volume = {2013},
  pages = {28097},
}

@book{Nai1952a,
  author = {M. A. Naimark},
  title = {Linear Differential Operators part 1},
  year = {1952},
  publisher = {Mezhdunarodnaja Kniga},
  address = {Moscow},
}

@book{Nai1952b,
  author = {M. A. Naimark},
  title = {Linear Differential Operators part 2},
  year = {1952},
  publisher = {Mezhdunarodnaja Kniga},
  address = {Moscow},
}

@book{Nai1967a,
  author = {M. A. Naimark},
  title = {Linear Differential Operators part 1},
  year = {1967},
  publisher = {Harrap},
  address = {London},
  note = {Trans E. R. Dawson from Russian original (1952)},
}

@book{Nai1968a,
  author = {M. A. Naimark},
  title = {Linear Differential Operators part 2},
  year = {1968},
  publisher = {Harrap},
  address = {London},
  note = {Trans E. R. Dawson from Russian original (1952)},
}

@techreport{Nat1989a,
  author = {F. Natterer},
  title = {A discrete {G}elfand - {L}evitan theory},
  year = {1989},
}

@book{NMPZ1984a,
  author = {S. Manakov and S. Novikov and L. P. Pitaevskii and V. E. Zakharov},
  title = {Theory of solitons},
  year = {1984},
  publisher = {Consultants Bureau (Plenum Publishing)},
  address = {233 Spring Street, New York},
}

@article{NPV2009a,
  author = {M. Necula and M. Popescu and I. I. Vrabie},
  title = {Evolution equations on locally closed graphs and applications},
  year = {2009},
  journal = {Nonlinear Anal.},
  volume = {71},
  issue = {12},
  pages = {2205--2216},
}

@article{Olv2010a,
  author = {P. J. Olver},
  title = {Dispersive {Q}uantization},
  year = {2010},
  journal = {Amer. Math. Monthly},
  volume = {117},
  number = {7},
  pages = {599--610},
}

@unpublished{Ors2009a,
  author = {P. Orsmond},
  title = {Students' ways of learning and its relationship to the effective use of tutors' feedback: a qualitative interview study of high achieving and non-high achieving biology undergraduates},
  year = {2009},
  note = {Transcript of presentation submitted to proceedings of EARLI 2009},
}

@book{Pac2011a,
  author = {B. G. Pachpatte},
  title = {Multidimensional integral equations and inequalities},
  year = {2011},
  publisher = {Atlantis Press},
  address = {Paris},
}

@article{Pal1972a,
  author = {B. V. Pal'cev},
  title = {Expansion in eigenfunctions of integral operatprs of convolution on a finite interval with kernels whose {F}ourier {T}ransforms are rational. ``{W}eakly'' nonselfadjoint regular kernels},
  year = {1972},
  journal = {Math. USSR Izv.},
  volume = {6},
  number = {3},
  pages = {587--630},
}

@article{Pap2011a,
  author = {G. Papanicolaou},
  title = {An example where separation of variable fails},
  year = {2011},
  journal = {J. Math. Anal. Appl.},
  volume = {373},
  number = {2},
  pages = {739--744},
}

@book{Paz1983a,
  author = {A. Pazy},
  title = {Semigroups of linear operators and applications to partial differential equations},
  year = {1983},
  publisher = {Springer},
}

@article{Pel2002a,
  author = {Pelloni, B.},
  title = {Well-Posed Boundary Value Problems for Integrable Evolution Equations on a Finite Interval},
  year = {2002},
  journal = {Theoret. and Math. Phys.},
  volume = {133},
  number = {2},
  pages = {1598--1606},
}

@article{Pel2004a,
  author = {Pelloni, B.},
  title = {Well-posed boundary value problems for linear evolution equations on a finite interval},
  year = {2004},
  journal = {Math. Proc. Cambridge Philos. Soc.},
  volume = {136},
  pages = {361--382},
}

@article{Pel2005a,
  author = {Pelloni, B.},
  title = {The spectral representation of two-point boundary-value problems for third-order linear evolution partial differential equations},
  year = {2005},
  journal = {Proc. R. Soc. Lond. Ser. A Math. Phys. Eng. Sci.},
  volume = {461},
  pages = {2965--2984},
}

@article{Pel2006a,
  author = {Pelloni, B.},
  title = {Linear and nonlinear generalized {F}ourier transforms},
  year = {2006},
  journal = {Philos. Trans. R. Soc. Lond. Ser. A Math. Phys. Eng. Sci.},
  volume = {364},
  number = {1849},
  pages = {3231--3249},
}

@article{Pel2009a,
  author = {Pelloni, B.},
  title = {Spectral analysis of the elliptic sine-{G}ordon equation in the quarter plane},
  year = {2009},
  journal = {Theoret. and Math. Phys.},
  volume = {160},
  number = {1},
  pages = {1031--1041},
}

@article{Pel2014a,
  author = {Pelloni, B.},
  title = {Review article: {A}dvances in the study of boundary value problems for nonlinear integrable {PDE}s},
  year = {2015},
  note = {in press},
  journal = {Nonlinearity},
}

@phdthesis{Pin2006a,
  author = {D. A. Pinotsis},
  title = {The {D}bar Formalism, Quaternions and Applications},
  year = {2006},
  school = {University of Cambridge},
}

@article{Pin2007a,
  author = {D. A. Pinotsis},
  title = {The {R}iemann-{H}ilbert Formalism For Certain Linear and Nonlinear Integrable {PDE}s},
  year = {2007},
  journal = {J. Nonlinear Math. Phys.},
  volume = {14},
  number = {3},
  pages = {466--485},
}

@book{Pin2009a,
  author = {D. A. Pinotsis},
  title = {Quaternions, boundary value problems and the {D}bar formalism},
  year = {2009},
  publisher = {Verlag},
}

@article{Pin2010a,
  author = {D. A. Pinotsis},
  title = {Quaternionic analysis, elliptic problems and a physical application of the {D}bar formalism},
  year = {2010},
  journal = {Adv. Appl. Clifford Algebr.},
  volume = {20},
  number = {3},
  pages = {819--836},
}

@incollection{Pin2010b,
  author = {D. A. Pinotsis},
  title = {Segre quaternions, spectral analysis and a four-dimensional {L}aplace equation},
  year = {2010},
  pages = {240--247},
  booktitle = {Progress in analysis and its applications},
  publisher = {World Scientific},
}

@article{Pin2011a,
  author = {D. A. Pinotsis},
  title = {Integral representations of displacements in linear elasticity},
  year = {2011},
  journal = {Appl. Math. Lett.},
  volume = {24},
  issue = {10},
  pages = {1670--1675},
}

@article{Pin2012a,
  author = {D. A. Pinotsis},
  title = {Commutative quaternions, spectral analysis and boundary value problems},
  year = {2012},
  journal = {Complex Var. Elliptic Equ.},
  volume = {79},
  issue = {9},
  pages = {953--966},
}

@book{Pod1999a,
  author = {I. Podlubny},
  title = {Fractional Differential Equations},
  year = {1999},
  volume = {198},
  series = {Mathematics in Science and Engineering},
  publisher = {Academic Press},
}

@article{Pod2002a,
  author = {I. Podlubny},
  title = {Geometric and physical interpretation of fractional integration and fractional differentiation},
  year = {2002},
  journal = {Fract. Calc. Appl. Anal.},
  volume = {5},
  number = {4},
  pages = {367--386},
}

@article{Pop2009a,
  author = {M. Popescu},
  title = {A viability result for evolution equations on locally closed graphs},
  year = {2009},
  journal = {Ann. Acad. Rom. Sci. Ser. Math. Appl.},
  volume = {1},
  number = {1},
  pages = {62--82},
}

@article{PP2008a,
  author = {Pelloni, B. and D. A. Pinotsis},
  title = {The {K}lein-{G}ordon Equation on the Half Line: a {R}iemann-{H}ilbert Approach},
  year = {2008},
  journal = {J. Nonlinear Math. Phys.},
  volume = {15},
  issue = {3},
  pages = {334},
}

@article{PP2008b,
  author = {Pelloni, B. and D. A. Pinotsis},
  title = {The {K}lein-{G}ordon Equation in a Domain with Time-Dependent Boundary},
  year = {2008},
  journal = {Stud. Appl. Math.},
  volume = {121},
  issue = {3},
  pages = {291--312},
}

@article{PP2009a,
  author = {Pelloni, B. and D. A. Pinotsis},
  title = {Boundary value problems for the ${N}$-wave equation},
  year = {2009},
  journal = {Phys. Lett. A},
  volume = {373},
  issue = {22},
  pages = {1940--1950},
}

@article{PP2010a,
  author = {Pelloni, B. and D. A. Pinotsis},
  title = {The elliptic sine-{G}ordon equation in a half plane},
  year = {2010},
  journal = {Nonlinearity},
  volume = {23},
  number = {1},
  pages = {77},
}

@article{PP2010b,
  author = {Pelloni, B. and D. A. Pinotsis},
  title = {Moving boundary value problems for the wave equation},
  year = {2010},
  journal = {J. Comput. Appl. Math.},
  volume = {234},
  issue = {6},
  pages = {1685--1691},
}

@book{Pry1973a,
  author = {J. D. Pryce},
  title = {Basic Methods of Linear Functional Analysis},
  year = {1973},
  publisher = {Hutchinson},
  address = {3 Fitzroy Square, London},
}

@book{PS1990a,
  author = {D. Porter and D. S. G. Stirling},
  title = {Integral equations},
  year = {1990},
  series = {Cambridge Texts in Applied Mathematics},
  publisher = {Cambridge University Press},
}

@article{PS2013a,
  author = {Pelloni, B. and Smith, D. A.},
  title = {Spectral theory of some non-selfadjoint linear differential operators},
  year = {2013},
  journal = {Proc. R. Soc. Lond. Ser. A Math. Phys. Eng. Sci.},
  volume = {469},
  number = {2154},
  pages = {20130019},
}

@article{PS2016a,
  author = {Pelloni, B. and Smith, D. A.},
  title = {Evolution {P}{D}{E}s and augmented eigenfunctions. {H}alf line},
  journal = {J. Spectr. Theory},
  year = {2016},
  volume = {6},
  issue = {1},
  pages = {185--213}
}

@book{PW1934a,
  author = {R. E. A. C. Paley and N. Wiener},
  title = {Fourier Transforms in the Complex Domain},
  year = {1934},
  volume = {19},
  series = {Colloqium Publications},
  publisher = {American Mathematical Society},
  address = {Providence, Rhode Island},
}

@article{Ram1964a,
  author = {M. D. Ramazanov},
  title = {A boundary-value problem for a class of differential equations},
  year = {1964},
  journal = {Mat. Sb.},
  volume = {64},
  number = {106},
  issue = {2},
  pages = {234--261},
}

@book{Rio1958a,
  author = {},
  title = {An introduction to combinatorial analysis},
  year = {1958},
  series = {Wiley series in probability and statistics},
  publisher = {John {W}iley \& Sons},
}

@article{Rit1927a,
  author = {J. F. Ritt},
  title = {A Factorisation Theory for Functions \Sigma i=1 na ie aix},
  year = {1927},
  journal = {Trans. Amer. Math. Soc.},
  volume = {29},
  number = {3},
  pages = {584--596},
}

@article{Rit1929a,
  author = {J. F. Ritt},
  title = {On the Zeros of Exponential Polynomials},
  year = {1929},
  journal = {Trans. Amer. Math. Soc.},
  volume = {31},
  number = {4},
  pages = {680--686},
}

@article{Rod1983a,
  author = {Yu. L. Rodin},
  title = {The {R}iemann boundary problem on a torus and the inverse scattering problem for the {L}andau-{L}ifschitz equation},
  year = {1983},
  journal = {Lett. Math. Phys.},
  volume = {7},
  issue = {1},
  pages = {3--8},
}

@article{Rod1984a,
  author = {Yu. L. Rodin},
  title = {The {R}iemann boundary problem on {R}iemann surfaces and the inverse scattering problem for the {L}andau-{L}ifschitz equation},
  year = {1984},
  journal = {Phys. D},
  volume = {11},
  issue = {1},
  pages = {90--108},
}

@article{Ros2014a,
  author = {L. F. Rossi},
  title = {Education},
  year = {2014},
  journal = {SIAM Rev.},
  volume = {56},
  issue = {1},
  pages = {157--158},
}

@book{RR2004a,
  author = {M. Renardy and R. C. Rogers},
  title = {An introduction to partial differential equations},
  year = {2004},
  publisher = {Springer},
}

@article{RRT2008a,
  author = {M. Rivero and L. Rodr\'{\i}guez-Germ\'{a} and J. J. Trujillo},
  title = {Linear fractional differential equations with variable coefficients},
  year = {2008},
  journal = {Appl. Math. Lett.},
  volume = {21},
  issue = {9},
  pages = {892--897},
}

@book{Rud1953a,
  author = {W. Rudin},
  title = {Principles of Mathematical Analysis},
  year = {1953},
  series = {International Series in Pure and Applied Mathematics},
  publisher = {McGraw-Hill},
}

@article{Rud1969a,
  author = {M. E. Rudin},
  title = {A New Proof that Metric Spaces are Paracompact},
  year = {1969},
  journal = {Proc. Amer. Math. Soc.},
  volume = {20},
  pages = {603},
}

@article{RZ1993a,
  author = {D. L. Russell and B. Y. Zhang},
  title = {Controllability and stabilizability of the third-order linear dispersion equation on a periodic domain},
  year = {1993},
  journal = {SIAM J. Control Optim.},
  volume = {31},
  number = {3},
  pages = {659--676},
}

@article{RZ1995a,
  author = {D. L. Russell and B. Y. Zhang},
  title = {Smoothing and Decay Properties of Solutions of the {K}orteweg-de{V}ries Equation on a Periodic Domain with Point Dissipation},
  year = {1995},
  journal = {J. Math. Anal. Appl.},
  volume = {190},
  pages = {449--488},
}

@article{RZ1996a,
  author = {D. L. Russell and B. Y. Zhang},
  title = {Exact controllability and stabilizability of the {K}orteweg-de {V}ries equation},
  year = {1996},
  journal = {Trans. Amer. Math. Soc.},
  volume = {348},
  number = {9},
  pages = {3643--3672},
}

@article{Sab2003a,
  author = {P. C. Sabatier},
  title = {Lax equations scattering and {KdV}},
  year = {2003},
  journal = {J. Math. Phys.},
  volume = {44},
  issue = {8},
  pages = {3216--3225},
}

@article{Sab2005a,
  author = {P. C. Sabatier},
  title = {Generalised Inverse Scattering for a Linear PDE Associate to KdV},
  year = {2005},
  journal = {J. Nonlinear Math. Phys.},
  volume = {12},
  issue = {1},
  pages = {599--613},
}

@article{Sab2006a,
  author = {P. C. Sabatier},
  title = {Generalized inverse scattering transform applied to linear partial differential equations},
  year = {2006},
  journal = {Inverse Problems},
  volume = {22},
  number = {1},
  pages = {209},
}

@article{Sak2011a,
  author = {P. Saksida},
  title = {On zero-curvature condition and {F}ourier analysis},
  year = {2011},
  journal = {J. Phys. A},
  volume = {44},
  number = {8},
  pages = {85203},
}

@book{Sau2013a,
  author = {J.-C. Saut},
  title = {Asymptotic models for surface and internal waves},
  year = {2013},
  publisher = {IMPA},
  address = {Estrada Dona Castorina, 110, 22460-320 Rio de Janeiro, RJ, Brasil},
}

@article{Sed2005a,
  author = {A. M. Sedletskii},
  title = {Analytic {F}ourier Transforms and Exponential Approximations. {I}},
  year = {2005},
  journal = {J. Math. Sci. (N. Y.)},
  volume = {129},
  number = {6},
  pages = {5083--5255},
}

@article{Sed2005b,
  author = {A. M. Sedletskii},
  title = {Analytic {F}ourier Transforms and Exponential Approximations. {II}},
  year = {2005},
  journal = {J. Math. Sci. (N. Y.)},
  volume = {130},
  number = {6},
  pages = {4251--4408},
}

@article{Sei1987a,
  author = {S. Seikkala},
  title = {On the fuzzy initial value problem},
  year = {1987},
  journal = {Fuzzy Sets and Systems},
  volume = {24},
  issue = {3},
  pages = {319--330},
}

@book{Sem1982a,
  author = {Z. Semadeni},
  title = {Schauder Bases in {B}anach Spaces of Continuous Functions},
  year = {1982},
  volume = {918},
  series = {Lecture Notes in Mathematics},
  publisher = {Springer},
}

@article{Shk1976a,
  author = {A. A. Shkalikov},
  title = {The completeness of eigenfunctions and associated functions of an ordinary differential operator with irregular-separated boundary conditions},
  year = {1976},
  journal = {Funct. Anal. Appl.},
  volume = {10},
  issue = {4},
  pages = {305--316},
}

@book{Sho1998a,
  author = {S. Sh\^{o}ichir\^{o}},
  title = {C*-Algebras and {W}*-Algebras},
  year = {1998},
  publisher = {Springer},
}

@book{Sie1952a,
  author = {W. Sierpi\'{n}ski},
  title = {General Topology},
  year = {1952},
  volume = {7},
  series = {Mathematical Expositions},
  publisher = {University of Toronto Press},
  address = {Canada},
  note = {Translated by Krieger, C. Cecilia},
}

@book{Sim1963a,
  author = {G. F. Simmons},
  title = {Introduction to Topology and Modern Analys},
  year = {1963},
  publisher = {Krieger},
}

@article{Sim1982a,
  author = {B. Simon},
  title = {Schr\"{o}dinger semigroups},
  year = {1982},
  journal = {Bull. Amer. Math. Soc.},
  volume = {7},
  number = {3},
  pages = {447--526},
}

@book{Sin1970a,
  author = {I. Singer},
  title = {Bases in {B}anach Spaces {I}},
  year = {1970},
  publisher = {Springer},
}

@book{Sin1981a,
  author = {I. Singer},
  title = {Bases in {B}anach Spaces {II}},
  year = {1981},
  publisher = {Springer},
}

@article{Siv2010a,
  author = {G. Sivek},
  title = {On vanishing sums of distinct roots of unity},
  year = {2010},
  journal = {Integers},
  volume = {10},
  issue = {3},
  pages = {365--368},
}

@unpublished{Skl1979a,
  author = {E. K. Sklyanin},
  title = {On complete integrability of the {L}andau-{L}ifschitz equation},
  year = {1979},
  note = {LOMI preprint E-3-79, Leningrad},
}

@article{Smi1951a,
  author = {Yu. M. Smirnov},
  title = {On Metrization of Topological Spaces},
  year = {1951},
  journal = {Uspekhi Mat. Nauk},
  volume = {6},
  pages = {100--111},
}

@phdthesis{Smi2011a,
  author = {Smith, D. A.},
  title = {Spectral theory of ordinary and partial linear differential operators on finite intervals},
  year = {2011},
  school = {University of Reading},
  type = {PhD},
}

@article{Smi2012a,
  author = {Smith, D. A.},
  title = {Well-posed two-point initial-boundary value problems with arbitrary boundary conditions},
  year = {2012},
  journal = {Math. Proc. Cambridge Philos. Soc.},
  volume = {152},
  issue = {3},
  pages = {473--496},
}

@unpublished{Smi2013a,
  author = {Smith, D. A.},
  title = {Well-posedness and conditioning of 3rd and higher order two-point initial-boundary value problems},
  year = {2013},
}

@unpublished{Smi2013b,
  author = {Smith, D. A.},
  title = {Classification of {B}irkhoff-degenerate-irregular two-point differential operators through associated initial-boundary value problems},
  year = {2013},
  note = {(in preparation)},
}

@incollection{Smi2015a,
  author = {Smith, D. A.},
  title = {The unified transform method for linear initial-boundary value problems: a spectral interpretation},
  year = {2015},
  booktitle = {Unified transform method for boundary value problems: applications and advances},
  publisher = {SIAM},
  address = {Philadelphia, PA},
}

@unpublished{Smi2015b,
  author = {Smith, D. A.},
  title = {Birkhoff regularity and well-posedness of linear initial-boundary value problems},
  year = {2015},
  note = {(in preparation)},
}

@phdthesis{Spe2009a,
  author = {E. A. Spence},
  title = {Boundary Value Problems for Linear Elliptic {PDE}s},
  year = {2009},
  school = {University of Cambridge},
  type = {PhD},
}

@article{SSP2012a,
  author = {E. P. Papadopoulou and Y. G. Saridakis and A. G. Sifalakis},
  title = {Efficient numerical solution of the generalized {D}irichlet-{N}eumann map for linear elliptic {PDE}s in regular polygon domains},
  year = {2012},
  journal = {J. Comput. Appl. Math.},
  volume = {236},
  issue = {9},
  pages = {2515--2528},
}

@book{Ste1983a,
  author = {I. Stewart and D. O. Tall},
  title = {Complex Analysis : The Hitchhiker's Guide to the Plane},
  year = {1983},
  publisher = {Cambridge University Press},
}

@phdthesis{Ste2007a,
  author = {J. P. Steinberger},
  title = {Tilings of integers, vanishing sums of roots of unity, and cyclotomic arrays},
  year = {2007},
  school = {University of California Davis},
}

@article{Sto1926a,
  author = {M. H. Stone},
  title = {A Comparison of the Series of {F}ourier and {B}irkhoff},
  year = {1926},
  journal = {Trans. Amer. Math. Soc.},
  volume = {28},
  pages = {671--694},
}

@article{Sto1927a,
  author = {M. H. Stone},
  title = {Irregular Differential Systems of Order Two and the Related Expansion Problems},
  year = {1927},
  journal = {Trans. Amer. Math. Soc.},
  volume = {29},
  pages = {23--53},
}

@article{Sto1948a,
  author = {A. H. Stone},
  title = {Paracompactness and product spaces},
  year = {1948},
  journal = {Bull. Amer. Math. Soc.},
  volume = {54},
  pages = {977--982},
}

@book{Str1994a,
  author = {R. S. Strichartz},
  title = {A guide to distribution theory and {F}ourier transforms},
  year = {1994},
  publisher = {CRC Press},
}

@incollection{Sun2000a,
  author = {L. Y. Sung},
  title = {Initial-boundary value problems for linear dispersive evolution equations on the half-line},
  year = {2000},
  pages = {374--378},
  booktitle = {Fifth International Conference on Mathematical and Numerical Aspects of Wave Propagation},
  publisher = {SIAM},
  address = {Philadelphia, PA},
}

@article{Tam1912a,
  author = {J. Tamarkin},
  title = {Sur quelques points de la th\'{e}orie des \'{e}quations diff\'{e}rentielles lin\'{e}aires ordinaires et sur la g\'{e}n\'{e}ralisation de la s\'{e}rie du {F}ourier},
  year = {1912},
  journal = {Rend. Circ. Mat. Palermo},
  volume = {34},
  issue = {1},
  pages = {345--382},
}

@article{Tam1928a,
  author = {J. Tamarkin},
  title = {Some general problems of the theory of ordinary linear differential equations and expansion of an arbtrary function in series of fundamental functions},
  year = {1928},
  journal = {Math. Z.},
  pages = {1--54},
}

@book{Tre1942a,
  author = {G. M. Trevelyan},
  title = {English social history},
  year = {1942},
  publisher = {Longman},
}

@misc{Tre2011a,
  author = {S. Treil},
  title = {Linear algebra done wrong},
  year = {2011},
  howpublished = {(Book published on author's personal website)},
}

@book{Tri1957a,
  author = {F. G. Tricomi},
  title = {Integral equations},
  year = {1957},
  publisher = {Wiley-Interscience},
}

@article{TZ1979a,
  author = {L. A. Takhtajan and V. E. Zakharov},
  title = {Equivalence of the nonlinear {S}chr\"{o}dinger equation and the equation of a {H}eisenberg ferromagnet},
  year = {1979},
  journal = {Theoret. and Math. Phys.},
  volume = {38},
  issue = {1},
  pages = {17--23},
}

@article{Vas1995a,
  author = {D. G. Vassiliev},
  title = {The symbol of a {L}agrangian distribution},
  year = {1995},
  journal = {J. Equations Derives Partielles},
  volume = {1995},
  number = {5},
  pages = {1--12},
}

@article{Vek2011a,
  author = {V. E. Vekslerchik},
  title = {Lattice representation and dark solitons of the {F}okas-{L}enells equation},
  year = {2011},
  journal = {Nonlinearity},
  volume = {24},
  number = {4},
  pages = {1165},
}

@mastersthesis{Vet2007a,
  author = {S. Vetra-Carvalho},
  title = {The computation of spectral representations for evolution {PDE}},
  year = {2007},
  school = {University of Reading},
}

@book{Vet2010a,
  author = {S. Vetra-Carvalho},
  title = {The Computation of Spectral Representations for Evolution PDE: Theory and application},
  year = {2010},
  publisher = {Verlag},
}

@book{Vol1906a,
  author = {V. Volterra},
  title = {Le\c{c}ons sur l'int\'{e}gration des \'{e}quations aux d\'{e}riv\'{e}es partielles profess\'{e}es \`{a} {S}tockholm},
  year = {1906},
  publisher = {Hermann},
  address = {Paris},
}

@book{Vol1972,
  author = {I. Aramanovich and G. Lunts and V. Volkovysky},
  title = {Problems in the Theory of Functions of a Complex Variable},
  year = {1972},
  publisher = {Mir},
  address = {Moscow},
}

@article{Vor2004a,
  author = {A. F. Voronin},
  title = {A complete generalization of the {W}iener-{H}opf method to convolution integral equations with integrable kernel on a finite interval},
  year = {2004},
  journal = {Differ. Equ.},
  volume = {40},
  number = {9},
  pages = {1259--1267},
}

@article{Vor2008a,
  author = {A. F. Voronin},
  title = {Necessary and sufficient well-posedness conditions for a convolution equation of the second kind with even kernel on a finite interval},
  year = {2008},
  journal = {Sib. Math. J.},
  volume = {49},
  number = {4},
  pages = {601--611},
}

@article{Vu2004a,
  author = {P. L. Vu},
  title = {Some Problems for Cubic Nonlinear Equations on a Half-Line},
  year = {2004},
  journal = {Acta Appl. Math.},
  volume = {84},
  number = {1},
  pages = {97--120},
}

@article{Vu2005a,
  author = {P. L. Vu},
  title = {The {D}irichlet initial-boundary-value problems for sine and sinh-{G}ordon equations on a half-line},
  year = {2005},
  journal = {Inverse Problems},
  volume = {21},
  number = {4},
  pages = {1225},
}

@article{Wan2002a,
  author = {J. P. Wang},
  title = {A list of 1 + 1 dimensional integrable equations and their properties},
  year = {2002},
  journal = {J. Nonlinear Math. Phys.},
  volume = {9},
  pages = {213--233},
  note = {Supplement 1},
}

@article{War1924a,
  author = {L. E. Ward},
  title = {An irregular boundary value and expansion problem},
  year = {1924},
  journal = {Ann. Of Math.},
  volume = {26},
  number = {1},
  pages = {21--36},
}

@article{War1927a,
  author = {L. E. Ward},
  title = {Some third-order irregular boundary value problems},
  year = {1927},
  journal = {Trans. Amer. Math. Soc.},
  volume = {29},
  number = {4},
  pages = {716--745},
}

@article{War1930a,
  author = {L. E. Ward},
  title = {Series associated with certain irregular third-order boundary value problems},
  year = {1930},
  journal = {Trans. Amer. Math. Soc.},
  volume = {32},
  number = {3},
  pages = {544--557},
}

@article{War1932a,
  author = {L. E. Ward},
  title = {A third-order irregular boundary value problem and the associated series},
  year = {1932},
  journal = {Trans. Amer. Math. Soc.},
  volume = {34},
  number = {2},
  pages = {417--434},
}

@article{War1935a,
  author = {L. E. Ward},
  title = {A third-order irregular boundary value problem and the associated series},
  year = {1935},
  journal = {Amer. J. Math.},
  volume = {57},
  number = {2},
  pages = {345--362},
}

@article{Wat1918a,
  author = {G. N. Watson},
  title = {The Diffraction of Electric Waves by the Earth},
  year = {1918},
  journal = {Proc. R. Soc. Lond. Ser. A Math. Phys. Eng. Sci.},
  volume = {95},
  number = {666},
  pages = {83--99},
}

@book{Waz2011a,
  author = {A-M. Wazwaz},
  title = {Linear and nonlinear integral equations: methods and applications},
  year = {2011},
  publisher = {Springer},
}

@article{Wei1976a,
  author = {J. Weisglass},
  title = {Small groups: an alternative to the lecture method},
  year = {1976},
  journal = {The Two-Year College Mathematics Journal},
  volume = {7},
  number = {1},
  pages = {15--20},
}

@misc{Wei2008a,
  author = {S. Weinstein},
  title = {Multiple time dimensions},
  year = {2008},
  note = {Essay},
}

@book{Wel1986a,
  author = {D. Wells},
  title = {The Penguin Dictionary of Curious and Interesting Numbers},
  year = {1986},
  publisher = {Penguin Books},
  address = {Middlesex, England},
}

@book{Wen1991a,
  author = {A. Wenden},
  title = {Learner strategies for learner autonomy},
  year = {1991},
  publisher = {Prentice-Hall},
  address = {Englewood Cliffs, New Jersey},
}

@book{Wes1954a,
  author = {R. Wesley},
  title = {Mathematics for all},
  year = {1954},
  publisher = {Odhams},
  address = {Long Acre, London},
}

@book{Why1942a,
  author = {G. T. Whyburn},
  title = {Analytic Topology},
  year = {1942},
  volume = {28},
  series = {Colloqium Publications},
  publisher = {American Mathematical Society},
  address = {Providence, Rhode Island},
}

@article{Wil1917a,
  author = {C. E. Wilder},
  title = {Expansion Problems of Ordinary Linear Differential Equations with Auxiliary Conditions at More than Two Points},
  year = {1917},
  journal = {Trans. Amer. Math. Soc.},
  volume = {18},
  number = {4},
  pages = {415--442},
}

@book{Wit1974a,
  author = {G. B. Witham},
  title = {Linear and nonlinear waves},
  year = {1974},
  publisher = {Wiley-Interscience},
}

@book{Woo1991a,
  author = {R. Wood},
  title = {Assessment and testing},
  year = {1991},
  publisher = {Cambridge University Press},
}

@book{WW1990a,
  author = {J. J. Watkins and R. J. Wilson},
  title = {Graphs: an introductory approach},
  year = {1990},
  publisher = {Wiley-Interscience},
}

@inproceedings{Yak2002a,
  author = {Y. Yakubov},
  title = {Irregular boundary value problems for ordinary differential equations},
  year = {2002},
  booktitle = {International Conference on Differential Equations and Their Applications, {P}rague, {A}ugust 27-31, 2001},
  publisher = {Unknown Publisher},
}

@incollection{YW1997a,
  author = {L. Mao-Kang and L. Ying-Ming},
  title = {Fuzzy Topology},
  year = {1997},
  volume = {9},
  booktitle = {Advances in Fuzzy Systems - Applications and Theory},
  publisher = {World Scientific},
}

@inproceedings{Zha1994a,
  author = {B. Y. Zhang},
  title = {Boundary Stabalization of the {K}orteweg-de {V}ries equation},
  year = {1994},
  pages = {371--389},
  booktitle = {Control and Estimation of Distributed Parameter Systems: Nonlinear Phenomena : International Conference in {V}orau ({A}ustria), {J}uly 18-24, 1993},
  publisher = {Birkh\"{a}user},
}

@article{Zha1999a,
  author = {B. Y. Zhang},
  title = {Exact boundary controllability of the {K}orteweg-de {V}ries equation},
  year = {1999},
  journal = {SIAM J. Control Optim.},
  volume = {37},
  number = {2},
  pages = {543--565},
}

@article{Zha2013a,
  author = {Y. Zhang},
  title = {Bounded gaps between primes},
  year = {2013},
}

@article{Zhe2006a,
  author = {C. Zheng},
  title = {Exact nonreflecting boundary conditions for one-dimensional cubic nonlinear {S}chr\"{o}dinger equations},
  year = {2006},
  journal = {J. Comput. Phys.},
  volume = {215},
  issue = {2},
  pages = {552--565},
}

@article{Zhe2007a,
  author = {C. Zheng},
  title = {A perfectly matched layer approach to the nonlinear {S}chr\"{o}dinger wave equations},
  year = {2007},
  journal = {J. Comput. Phys.},
  volume = {227},
  issue = {1},
  pages = {537--556},
}

%%%%%%%%%%%%%%%%%%%%%%%%%%%%%%%%%%%%
%
%  End of file
%
%%%%%%%%%%%%%%%%%%%%%%%%%%%%%%%%%%%%

@unpublished{BS2015a,
  author = {R. J. Buckingham and Smith, D. A.},
  title = {A mathematical formulation of imperfect thermal contact via a double-scaling limit},
  note = {(in preparation)}
}
